2040 3372
213 79 274 124 30
899 86 962 135 43,
991 86 1135 136 3—44‚
1166 87 1211 126 21

410 216 505 263 Nee
540 217 691 279 longis
728 218 878 279 digitis
915 234 1001 266 nee
1038 235 1116 266 ore
1153 221 1275 267 sicco

410 282 505 330 Neo
541 299 651 331 sane
689 285 822 333 nimis
860 285 1066 348 elegante
1102 287 1273 348 lingua,

350 358 371 396 5
409 350 675 398 Deeootoris
711 352 853 398 amica
890 353 1117 400 formiani.

410 417 509 463 Ten
546 418 786 478 prouincia
823 426 978 465 narrat
1013 434 1111 467 esse
1147 419 1348 467 bellam?

408 484 581 530 Tecum
618 484 779 531 Lesbia
818 491 973 532 nostra
1009 486 1332 548 eomparatur?

410 551 445 598 O
483 551 683 598 saeelum
721 552 955 613 insapiens
991 559 1035 600 et
1070 554 1343 601 infacetum!

205 693 270 747 44
406 693 447 747 O
484 697 627 743 funde
664 703 823 744 noster
858 712 939 745 seu
975 698 1134 746 sabine
1169 715 1250 747 seu
1288 701 1433 748 tiburs

407 763 538 821 (Nam
575 771 619 811 te
657 778 755 811 esse
791 764 1009 812 tiburtem
1047 772 1288 813 autumant
1323 768 1491 828 quibus
1528 784 1620 816 non
1662 775 1731 816 est

407 829 542 876 Cordi
580 829 806 877 Catullum
843 832 1044 878 laedere:
1082 839 1127 879 at
1164 833 1330 894 quibus
1367 835 1492 880 cordi
1529 843 1596 882 est

408 896 584 950 Quouis
620 896 832 944 sabinum
869 899 1061 960 pignore
1097 914 1198 958 esse
1234 901 1560 961 contendunt),

347 971 369 1008 5
405 963 494 1009 Sed
530 978 611 1010 seu
648 965 807 1012 sabine
845 966 942 1012 siue
978 966 1135 1014 uerius
1170 967 1333 1024 tiburs,

405 1029 489 1076 Fui
524 1030 723 1077 libenter
758 1032 806 1078 in
843 1039 919 1078 tua
957 1033 1224 1080 suburbana

407 1097 522 1143 Villa
558 1098 816 1159 malamque
854 1106 1042 1160 pectore
1078 1101 1238 1161 expuli
1270 1100 1446 1156 tussim,

402 1164 505 1210 Non
543 1164 793 1212 inmerenti
829 1180 966 1226 quam
1002 1167 1112 1213 mihi
1148 1182 1279 1215 meus
1315 1175 1489 1225 uenter,

404 1230 522 1277 Dum
559 1238 851 1293 sumptuosas
887 1240 1068 1294 appeto,
1107 1234 1244 1291 dedit,
1282 1248 1435 1280 cenas.

326 1305 366 1343 10
402 1298 528 1353 Nam,
566 1299 792 1346 sestianus
829 1300 936 1346 dum
974 1300 1082 1346 uolo
1120 1315 1219 1347 esse
1257 1301 1470 1358 conuiua,

404 1364 675 1412 Orationem
712 1366 759 1412 in
798 1367 986 1413 Antium
1022 1367 1265 1427 petitorem

401 1431 589 1478 Plenam
628 1432 798 1479 ueneni
836 1440 880 1479 et
914 1434 1202 1495 pestilentiae
1239 1434 1343 1495 legi.

403 1498 488 1545 Hie
523 1513 596 1545 me
633 1499 823 1559 grauido
862 1500 1025 1561 frigida
1062 1501 1362 1561 etfrequens
1397 1500 1534 1547 tussis

401 1565 647 1620 Quassauit
680 1581 828 1627 usque
865 1566 973 1613 dum
1011 1567 1056 1614 in
1095 1574 1226 1614 tuum
1263 1568 1416 1614 sinum
1451 1567 1546 1628 fugi

322 1639 363 1677 15
399 1632 458 1679 Et
492 1647 565 1679 me
602 1633 817 1680 recuraui
854 1634 1041 1694 otioque
1078 1640 1124 1680 et
1159 1634 1318 1680 urtica.

401 1699 551 1754 Quare
588 1700 789 1746 refectus
825 1701 1044 1748 maximas
1080 1700 1163 1747 tibi
1199 1708 1351 1763 grates

398 1766 512 1827 Ago,
549 1780 704 1813 meum
740 1766 864 1827 quod
902 1782 996 1814 non
1035 1782 1082 1815 es
1118 1767 1210 1814 ulta
1246 1773 1501 1828 peecatum.

398 1834 492 1879 Neo
529 1832 755 1894 deprecor
791 1833 894 1890 iam,
932 1834 968 1881 si
1007 1835 1183 1881 nefaria
1218 1834 1388 1895 scripta

402 1899 519 1946 Sesti
555 1914 760 1961 recepso,
801 1900 913 1961 quin
949 1901 1249 1962 grauedinem
1285 1907 1331 1947 et
1365 1900 1526 1948 tussim

318 1973 361 2012 20
397 1966 500 2012 Non
538 1969 616 2023 mi,
653 1966 732 2013 sed
768 1967 856 2028 ipsi
894 1967 1039 2014 Sestio
1077 1969 1193 2014 ferat
1227 1968 1388 2028 frigus,

399 2032 489 2087 Qui
524 2040 636 2080 tunc
672 2041 809 2080 uocat
843 2048 917 2079 me
953 2048 1056 2080 eum
1094 2035 1263 2080 malum
1300 2034 1470 2080 librum
1505 2033 1610 2092 legi.

332 2206 353 2243 7
384 2205 578 2255 copantur
609 2202 663 2242 O*
699 2203 714 2256 ΙΙ
751 2206 772 2244 8
805 2203 834 2243 O
866 2204 1003 2244 sedum
1037 2206 1082 2253 V,
1112 2206 1211 2244 inde
1241 2204 1271 2244 O
1303 2205 1452 2244 seclum
1477 2216 1510 2254 g
1543 2201 1559 2255 ΙΙ
1595 2202 1799 2254 insapiens
1827 2201 1885 2249 (in-

197 2257 356 2308 sapiens
389 2256 437 2305 G)
468 2256 722 2306 7insaeetum
753 2257 808 2307 (in
838 2257 1010 2298 facetum
1044 2259 1089 2309 G)
1120 2259 1169 2309 V,
1207 2259 1303 2297 inde
1331 2271 1414 2297 ras.
1444 2261 1486 2296 et
1517 2269 1626 2296 corr.
1656 2254 1760 2302 feeit
1782 2266 1815 2305 g
1842 2255 1883 2294 in

196 2310 328 2362 sapies
357 2313 444 2362 atqz
474 2310 514 2348 in
542 2310 714 2350 facetum

328 2362 388 2404 44
416 2364 693 2403 Inter-atilium
721 2364 884 2403 nullum
915 2365 960 2405 V
978 2365 991 2416 Η
1020 2366 1042 2403 2
1074 2370 1120 2404 οῦ
1151 2365 1297 2416 quibus
1330 2363 1399 2413 G*‚
1428 2365 1476 2403 οὗ
1505 2364 1616 2413 delg
1641 2361 1655 2414 ΙΙ
1689 2365 1714 2403 4
1742 2360 1883 2412 pigno-

193 2416 247 2456 ris
278 2416 316 2456 V
344 2418 358 2469 ΙΙ
386 2417 604 2456 contedunt
635 2416 691 2456 0*
716 2418 729 2468 ΙΙ
761 2421 781 2457 7
813 2418 1011 2470 aliamque
1037 2418 1082 2458 V
1101 2416 1114 2470 ΙΙ
1144 2418 1279 2469 expuli
1308 2418 1449 2458 tussim
1477 2418 1716 2456 Auantius:
1746 2414 1883 2466 expul-

195 2481 264 2510 sus
293 2471 367 2510 sim
400 2471 446 2511 V
464 2470 582 2522 expui
612 2471 751 2510 tussim
783 2471 974 2521 Scaliger
1010 2472 1024 2521 Η
1063 2473 1085 2512 8
1114 2471 1155 2510 in
1184 2471 1351 2511 merenti
1384 2471 1415 2510 0
1439 2470 1624 2511 imerenti
1658 2469 1691 2509 G
1722 2467 1738 2521 11
1770 2479 1882 2507 mens

194 2527 331 2564 uertur
363 2524 407 2564 V
426 2536 523 2563 corr
549 2524 743 2563 Faernus
777 2526 791 2575 ΙΙ
831 2527 877 2565 10
908 2525 1100 2565 festianus
1134 2525 1190 2564 0*
1217 2525 1232 2578 [Ι
1262 2524 1429 2565 conuiua
1459 2526 1496 2574 (a
1525 2526 1570 2563 in
1598 2534 1751 2562 rasura
1780 2521 1883 2559 dua-

194 2589 289 2616 rum
319 2578 558 2617 litterarum
586 2580 756 2629 scripsit
777 2590 821 2628 g,
851 2577 996 2625 fuerat
1021 2577 1200 2625 fortasse
1230 2578 1429 2628 conuiuia)
1462 2577 1495 2616 G
1522 2575 1536 2629 ΙΙ
1574 2579 1618 2618 11
1652 2574 1884 2616 Orationem

194 2630 234 2670 in
262 2630 427 2671 Antium
457 2630 643 2671 Statius:
679 2630 867 2671 Oratione
896 2632 1127 2672 minantium
1159 2633 1208 2682 V,
1239 2645 1292 2671 eoe
1322 2630 1507 2671 Oratione
1536 2629 1710 2680 uirgula
1739 2639 1882 2679 super-

193 2686 351 2734 scripta
382 2683 608 2725 Orationem
636 2683 740 2731 fecit
763 2697 795 2735 g
837 2683 851 2734 ΙΙ
893 2686 1103 2736 petitorem
1136 2686 1182 2735 V,
1220 2686 1316 2724 inde
1350 2684 1564 2735 petitorum
1592 2683 1695 2730 fecit
1717 2695 1749 2734 g
1788 2682 1884 2729 [hoe

189 2737 369 2788 plurimi
398 2739 509 2787 bom]
546 2737 560 2788 ΙΙ
599 2739 648 2779 12
679 2738 891 2789 pestilente
923 2739 978 2777 0*
1013 2739 1026 2791 Η
1069 2741 1114 2779 13
1142 2738 1169 2779 h'
1197 2740 1263 2788 (=
1293 2738 1389 2787 Hoc)
1422 2737 1477 2776 0*
1510 2736 1524 2788 ss
1564 2739 1611 2778 15
1643 2736 1813 2788 ocioque
1842 2733 1887 2773 V

194 2791 405 2841 ocimoque
427 2806 461 2830 ω
490 2791 649 2844 alioque
671 2791 979 2831 Cornelis-senus
1006 2793 1019 2845 ΙΙ
1051 2795 1096 2833 17
1127 2792 1211 2832 ulte
1225 2792 1419 2831 Faernus
1437 2790 1534 2830 ultu’
1554 2790 1743 2851 Mur-etus
1769 2787 1878 2828 ultus

742 2872 789 2912 19
820 2869 970 2911 Sestire
1000 2884 1120 2923 cepso
1150 2871 1220 2923 qui
1235 2870 1273 2910 V
1299 2869 1313 2922 ΙΙ
1342 2872 1390 2910 20
1420 2869 1537 2909 michi
1570 2870 1602 2910 G
1631 2853 1668 2909 rii
1695 2870 1726 2908 0
1752 2868 1766 2920 Ι]
1793 2877 1879 2906 sec·

752 2926 799 2965 21
832 2927 896 2964 tue
925 2925 974 2975 V,
1001 2926 1074 2965 sed
1098 2929 1142 2965 in
1175 2924 1207 2964 G
1230 2926 1355 2975 prius
1382 2922 1527 2970 fuerat
1554 2925 1628 2963 niie
1659 2921 1744 2972 (uel
1768 2921 1884 2968 huc),

194 2873 368 2910 erratum
388 2871 669 2911 Baelaerensius

193 2923 249 2963 tio
285 2924 329 2963 V
361 2922 376 2975 ΙΙ
416 2937 472 2963 an
503 2925 656 2964 ferant?

194 2977 307 3028 quod
337 2976 400 3026 G*‚
429 2981 478 3016 ut
504 2979 692 3028 uidetur,
731 2981 776 3016 in
806 2980 870 3017 tue
900 2981 1106 3030 corr-emit,
1137 2982 1219 3019 tum
1247 2978 1455 3027 Hauptius
1488 2975 1502 3028 ΙΙ
1537 2976 1616 3028 legi
1644 2975 1878 3016 Lachman-

193 3043 294 3070 nus:
322 3031 422 3081 legit
449 3031 530 3084 (leg
563 3032 607 3083 0)
637 3032 686 3083 V,
716 3030 810 3071 fecit
837 3031 1116 3072 Baehrens-ius
1158 3031 1256 3083 legit
1284 3031 1426 3070 librum
1458 3043 1492 3068 ω
