2040 3372
265 139 359 186 102
955 141 1229 175 FRAGMENTA

262 285 282 311 a
315 273 616 324 corruptissimo
647 274 863 325 exemplari
900 275 1160 326 transcripsit.
1218 288 1298 315 non
1333 276 1439 316 enim
1474 276 1690 329 quodpiam
1727 277 1836 319 aliud
1872 289 1940 318 ex·

261 325 374 366 tabat
418 326 524 366 unde
565 330 704 379 posset
731 327 859 367 libelli
899 327 1018 367 huius
1047 327 1193 368 habere
1222 330 1376 380 copiam
1407 330 1678 382 exemplandi:
1721 331 1773 372 Et
1807 334 1852 372 ut
1890 343 1940 372 ex

259 379 350 431 ipso
380 380 584 420 salebroso
615 381 767 432 aliquid
794 384 948 421 tantum
977 385 1178 432 suggeret,
1207 381 1384 423 decreuit
1412 384 1552 434 pocius
1574 390 1708 424 tamen
1727 387 1939 437 coruptum

259 432 407 473 habere
437 446 556 485 quam
585 435 747 474 omnino
783 446 928 474 carere.
993 433 1165 486 Sperans
1208 436 1336 476 adhuc
1377 437 1427 476 ab
1471 437 1620 489 alliquo
1657 438 1736 478 alio
1775 437 1938 479 fortuite

260 491 491 538 emergente
520 488 624 527 hunc
652 499 772 538 posse
801 488 990 537 corigere.
1048 487 1211 528 Valebis
1241 490 1275 529 si
1303 491 1340 530 ei
1366 491 1568 541 iprecatus
1598 504 1677 532 non
1705 491 1842 532 fueris.

396 542 512 581 1375.
542 542 659 594 menss
689 541 840 581 octobr.
864 540 946 582 19⁰.
975 541 1135 593 quando
1156 544 1401 595 &signorius
1429 544 1639 585 laborabat
1666 545 1708 585 in
1736 545 1939 588 extremis.

260 610 307 639 wc
335 601 380 650 (i.
400 614 432 641 e.
461 607 502 640 et
530 602 689 650 cetera).
712 616 720 639 ε
742 623 791 629 -
813 602 1116 651 (interstitium)

393 662 535 702 Lesbia
564 661 755 701 damnose
783 661 927 701 bibens
955 661 1249 713 interpretatur.
1271 679 1279 702 ε
1299 685 1352 693 -

259 716 362 753 haee
392 718 531 754 omnia
559 717 605 753 in
636 714 681 754 G.
700 737 753 743 -—
782 714 911 754 Finito
954 715 1055 754 libro
1084 715 1302 756 referamus
1344 718 1476 767 gracia
1513 717 1681 758 Christo.
1738 717 1866 758 Amen
1906 718 1938 757 0

259 771 443 817 [CATVLLI
472 798 482 808 .
511 778 748 807 vnnomznsls
777 799 787 809 .
817 779 931 807 menn
970 797 979 807 .
1018 780 1198 808 nxpmcrr
1235 770 1281 808 A
1321 770 1427 810 Finit
1462 770 1579 811 Liber
1608 771 1753 811 Catulli
1791 775 1937 823 poetae

257 822 293 860 L
340 821 485 861 Catulli
528 821 771 862 Veronensis
818 822 921 862 liber
964 820 1054 862 finit
1095 823 1132 862 B
1178 822 1323 863 Catulli
1363 822 1455 863 finis
1491 826 1531 864 A
1574 835 1671 864 mus
1715 825 1785 864 CH
1828 824 1937 864 Finis

255 886 476 914 mccccmrm
503 875 557 924 D]

256 1021 442 1059 editione
483 1023 670 1060 omnium
713 1023 1005 1072 antiquissima
1049 1026 1087 1060 et
1130 1024 1177 1061 in
1218 1023 1401 1062 editione
1444 1024 1576 1073 uulgo
1617 1036 1700 1074 pro
1745 1025 1937 1076 principe

255 1075 412 1114 habita.
458 1077 506 1113 in
535 1076 601 1114 his
630 1075 746 1114 tituli
772 1077 1086 1125 epigrammatis
1112 1080 1213 1114 sunt
1240 1079 1307 1115 Izi:
1335 1076 1486 1116 Versus
1506 1076 1650 1117 Catulli
1670 1077 1938 1129 prohemiales

255 1129 301 1166 in
317 1129 361 1177 P,
377 1127 520 1179 Incipit
536 1128 660 1180 prima
678 1128 807 1179 elegia
824 1129 967 1168 Catulli
991 1129 1094 1168 Gud.
1115 1131 1213 1179 283,
1228 1130 1485 1181 Epitaphium
1505 1130 1650 1170 Catulli
1670 1130 1806 1171 Vatic.
1822 1131 1937 1180 4650,

256 1180 499 1221 Hextichum
537 1181 698 1222 Guarini
735 1182 979 1222 Veronensis
1017 1181 1195 1222 Oratoris
1235 1183 1451 1223 Clarissimi
1492 1184 1536 1223 111
1574 1183 1757 1224 libellum
1788 1183 1937 1224 Valerii

256 1234 401 1274 Catulli
445 1236 531 1275 eius
571 1236 750 1275 conciuis
791 1237 922 1276 Paris.
951 1236 1062 1276 7990.
1091 1238 1203 1277 8252
1247 1241 1287 1276 et
1326 1239 1373 1276 in
1411 1237 1665 1277 editionibus
1701 1250 1804 1289 quas
1840 1237 1938 1277 dioei

254 1291 558 1328 uetustissimis.
617 1289 759 1328 eadem
786 1292 834 1328 in
862 1289 1052 1329 Sui-bant.
1084 1302 1247 1340 quoque
1276 1291 1416 1330 codice
1443 1292 1542 1331 525.

842 1717 1342 1778 FRAGMENTA

387 1852 413 1892 1
445 1850 720 1890 Terentianus
748 1852 924 1892 Mam-us
950 1852 1054 1893 2754

413 1904 463 1944 Et
492 1904 615 1944 ferme
643 1903 785 1945 modus
813 1906 878 1945 hic
907 1905 1023 1945 datur
1051 1918 1074 1944 a
1103 1905 1306 1957 plerisque
1334 1903 1492 1957 Priapo,

254 1958 357 1997 2755
413 1958 519 1998 Inter
546 1970 648 2009 quos
678 1959 824 1998 cecinit
853 1972 1015 2011 quoque
1044 1971 1203 1998 carmen
1233 1958 1313 1998 tale
1343 1958 1544 1999 Catullus:

398 2007 553 2051 ‘Hunc
581 2012 747 2051 lucum
775 2012 869 2051 tibi
899 2013 1079 2052 dedico
1110 2023 1487 2063 consecroque‚
1517 2012 1723 2064 Priape,

413 2063 511 2111 Qua
540 2064 717 2104 domus
745 2068 831 2105 tua
860 2065 1123 2117 Lampsaci
1151 2069 1235 2105 est
1263 2078 1468 2117 quaque
1497 2066 1612 2117 lege
1638 2065 1830 2119 Priapi:

412 2116 528 2157 Nam
558 2121 607 2157 te
637 2119 914 2170 praecipue
943 2120 991 2159 in
1021 2120 1127 2159 suis
1155 2119 1371 2159 urbibus
1401 2119 1536 2158 colit
1564 2131 1651 2160 ora

410 2170 773 2222 Hellespontia
805 2173 999 2213 ceteris
1029 2172 1308 2212 ostriosior
1338 2167 1475 2212 oris’.

251 2225 356 2264 2760
411 2224 461 2318 ξι
489 2224 640 2264 similes
669 2225 804 2276 plures
833 2227 891 2266 sic
921 2226 1208 2278 conscripsisse
1237 2225 1435 2265 Catullum

442 2290 579 2317 cimus.

250 2331 354 2371 2756
386 2331 552 2371 Caesius
577 2331 731 2370 Bassus
759 2343 804 2382 p.
832 2332 924 2382 260,
952 2333 1005 2372 43
1044 2332 1115 2381 (cs.
1140 2345 1183 2382 p.
1212 2333 1305 2382 268,
1330 2334 1369 2382 4)
1419 2330 1526 2382 apud
1569 2331 1766 2371 Catullum
1796 2325 1930 2371 ‘Hunc

248 2407 303 2413 —
330 2379 495 2436 Priape’
524 2385 698 2423 eundem
731 2397 899 2423 uersum
936 2388 1070 2424 citant
1107 2386 1209 2425 Atil.
1237 2386 1417 2424 Fortun.
1442 2397 1487 2435 p.
1515 2386 1610 2434 292,
1631 2385 1691 2425 44.
1719 2384 1827 2424 Mar.
1859 2384 1930 2426 Vi-

250 2440 402 2477 ctorin.
426 2451 470 2489 p.
500 2439 586 2488 449,
605 2440 640 2478 6.
669 2438 756 2488 454,
775 2440 802 2477 8
830 2439 888 2487 (ut
916 2439 1022 2489 apud
1053 2439 1250 2479 Catullum
1277 2432 1679 2489 ‘Hunc—Priape').
1708 2439 1800 2486 452,
1814 2440 1853 2479 9.
1868 2438 1928 2478 u.

252 2491 466 2532 Censorin.
490 2505 533 2542 p.
561 2492 650 2542 645,
670 2491 716 2530 44
746 2492 759 2541 ΙΙ
788 2493 890 2532 2757
920 2492 1010 2543 lege
1040 2492 1125 2532 add
1149 2492 1401 2531 Buecheler:
1431 2494 1626 2531 omissum
1645 2492 1760 2542 apud
1780 2491 1930 2530 Teren-

251 2548 413 2584 tianum
442 2552 455 2595 u
482 2545 615 2596 Priapi
643 2545 894 2584 Buecheler:
938 2545 1079 2596 Priape
1108 2546 1225 2596 apud
1256 2545 1564 2585 Terentianum.
1623 2557 1782 2597 quaque
1811 2545 1928 2594 silua,

249 2597 393 2649 Priape
432 2600 624 2649 Scaliger
669 2610 799 2650 usque
837 2611 995 2651 quaque
1034 2598 1190 2638 Keilius
1234 2598 1443 2651 Lampsaci
1484 2599 1559 2638 erit
1597 2609 1757 2650 quaque
1796 2598 1930 2637 Lach-

247 2664 428 2691 mannus
446 2655 460 2706 ΙΙ
480 2654 596 2693 2758.
618 2654 668 2693 59
698 2652 805 2691 Mar.
831 2653 1035 2692 Victor-in.
1052 2665 1093 2703 p.
1113 2653 1201 2702 454,
1220 2654 1276 2693 22
1296 2657 1341 2692 ut
1367 2655 1428 2692 est
1457 2650 1565 2703 apud
1585 2651 1782 2691 Catullum
1807 2645 1928 2692 ‘Nam

249 2710 289 2744 te
319 2707 532 2759 praecipue
559 2706 600 2744 in
629 2699 750 2755 suis',
779 2705 922 2745 dehinc
948 2702 1235 2757 ‘Hellespontia
1266 2698 1428 2746 ceteris'

381 2877 410 2918 2
439 2878 605 2918 Nonius
624 2879 847 2918 Marcellus
865 2879 942 2919 454
961 2880 1015 2919 M.
1038 2874 1271 2930 ‘Ligurrire’
1294 2878 1519 2930 degustare,
1547 2877 1652 2918 unde
1678 2877 1926 2928 abligurrire,

248 2930 373 2969 multa
417 2932 533 2971 auide
576 2944 809 2972 consumere
845 2962 855 2971 .
886 2964 895 2973 .
926 2964 936 2974 .
965 2963 975 2973 .
1014 2933 1178 2972 Catulus
1219 2932 1360 2983 priopo
1411 2927 1490 2970 ‘de
1533 2943 1638 2970 meo
1681 2931 1926 2982 ligurrire

247 2982 416 3023 libido
445 2979 551 3025 est'.
598 2986 761 3026 Catulus
791 2987 890 3025 libri
917 2986 1072 3035 Noni-i,
1099 2987 1237 3025 nescio
1268 2998 1323 3024 an
1349 2988 1460 3024 reete
1495 2983 1565 3034 (cf.
1593 2983 1751 3034 fragm.
1778 2986 1817 3024 9.
1846 2985 1926 3031 40).

250 3035 428 3076 Catullus
457 3038 602 3089 Priapo
631 3039 811 3078 editores
838 3039 972 3079 Nonii
998 3039 1167 3091 Priapeo
1197 3039 1491 3078 Lachmannus
1527 3049 1551 3077 o
1581 3036 1747 3089 Priape,
1775 3037 1846 3078 ubi
1874 3037 1924 3078 de

248 3101 356 3129 mero
386 3091 485 3131 Luc.
513 3091 688 3131 Mueller
