2040 3372
232 97 294 144 86
939 104 1002 154 72,
1032 104 1176 153 3—75‚
1207 104 1231 144 2

431 235 578 283 Dilexi
611 242 711 284 tum
745 242 789 284 te
826 252 922 283 non
958 244 1139 284 tantum
1173 245 1226 286 ut
1258 238 1427 299 uulgus
1461 239 1668 298 amicam,

499 303 590 350 Sed
624 310 757 364 pater
792 310 843 350 ut
877 311 1041 364 gnatos
1075 304 1222 366 diligit
1257 312 1301 351 et
1336 320 1548 367 generos.

376 377 399 415 5
433 368 569 416 Nunc
604 377 649 416 te
685 370 909 432 cognoui:
947 385 1090 431 quare
1125 372 1210 419 etsi
1245 372 1500 433 impensius
1536 387 1664 431 uror,

498 435 644 483 Multo
679 437 741 483 mi
778 444 932 483 tamen
971 452 1019 484 es
1053 437 1191 484 uilior
1227 445 1272 485 et
1305 439 1469 486 leuior.

435 502 525 557 Qui
561 503 684 564 potis
721 501 823 550 est?
860 503 1030 564 inquis.
1102 506 1225 565 quod
1257 512 1488 553 amantem
1523 505 1693 553 iniuria
1729 506 1832 554 talis

515 569 646 631 Cogit
680 583 832 616 amare
866 570 1025 631 magis,
1061 572 1139 618 sed
1175 572 1296 619 bene
1331 573 1452 619 uelle
1489 573 1658 620 minus.

231 753 300 806 '73
434 752 614 805 Desine
649 756 706 802 de
742 770 975 817 quoquam
1012 757 1257 818 quicquam
1290 757 1412 804 hene
1446 758 1566 805 uelle
1602 759 1772 807 mereri

499 823 591 869 Aut
626 822 825 883 aliquem
860 824 961 870 fieri
995 838 1132 885 posse
1168 830 1331 884 putare
1366 825 1507 885 pium.

436 889 600 936 Omnia
636 897 747 936 sunt
780 890 975 951 ingrata,
1013 891 1129 937 nihil
1163 891 1327 938 fecisse
1362 891 1565 952 benigne

505 956 717 1004 Prodest:
753 956 894 1004 immo
931 957 1066 1004 etiam
1102 957 1253 1004 taedet
1289 957 1512 1019 obestque
1547 957 1714 1019 magis:

377 1030 399 1068 5
437 1022 492 1069 Vt
526 1023 654 1080 mihi,
692 1038 831 1084 quem
867 1039 1006 1071 nemo
1043 1025 1230 1085 grauius
1267 1039 1354 1071 nec
1391 1024 1603 1072 acerbius
1637 1031 1774 1087 urget

501 1088 650 1144 Quam
668 1091 806 1138 modo
820 1091 899 1152 qui
915 1106 988 1138 me
1009 1106 1154 1138 unum
1173 1098 1310 1152 atque
1321 1092 1512 1139 unicum
1525 1092 1724 1139 amicum
1741 1091 1918 1140 habuit.

233 1272 298 1327 '74
435 1273 618 1326 Gellius
652 1276 859 1324 audierat
899 1283 1116 1338 patruum
1154 1277 1399 1338 obiurgare
1434 1277 1595 1333 solere,

500 1343 653 1404 Siquis
689 1344 873 1390 delicias
909 1344 1084 1391 diceret
1118 1351 1197 1390 aut
1230 1345 1416 1390 faceret.

434 1409 535 1456 Hoc
571 1425 631 1456 ne
666 1410 755 1472 ipsi
790 1411 1033 1467 accideret,
1071 1411 1223 1472 patrui
1258 1410 1524 1472 perdepsuit
1559 1411 1704 1472 ipsam

501 1476 701 1523 onrem
736 1484 782 1523 et
817 1485 1034 1538 patruum
1070 1478 1267 1524 reddidit
1301 1477 1649 1538 Harpocratem.

382 1551 404 1588 5
441 1542 576 1598 Quod
613 1544 762 1590 uoluit
795 1544 928 1591 fecit:
965 1559 1087 1603 nam,
1126 1544 1339 1605 quamuis
1374 1544 1568 1591 irrumet
1602 1545 1753 1606 ipsum

503 1610 638 1658 Nunc
673 1617 904 1672 patruum,
941 1612 1139 1658 uerbum
1175 1627 1271 1658 non
1308 1611 1446 1658 faciet
1480 1618 1688 1673 patruus.

236 1794 300 1848 75
434 1793 546 1846 Huc
583 1805 653 1844 est
686 1811 820 1845 mens
856 1797 1050 1844 deducta
1085 1803 1177 1852 tua,
1213 1812 1315 1844 mea
1350 1796 1529 1856 Lesbia,
1567 1798 1718 1860 culpa,

503 1867 656 1925 Atque
690 1864 752 1911 ita
785 1879 834 1911 se
871 1864 1024 1911 officio
1060 1864 1261 1926 perdidit
1296 1865 1395 1926 ipsa
1431 1880 1530 1923 su0‚

371 2010 396 2049 6
423 2007 551 2049 Multo
580 2008 636 2048 ita
665 2020 729 2048 me
758 2020 832 2048 nec
860 2008 979 2049 uilior
999 2008 1044 2049 V
1064 2006 1078 2061 ΙΙ
1106 2012 1127 2049 7
1150 2020 1267 2061 quam
1289 2009 1334 2049 V
1355 2009 1449 2060 quia
1467 2009 1630 2049 Statius
1646 2008 1661 2062 ΙΙ
1682 2010 1705 2050 8
1724 2009 1917 2048 Donatus

238 2063 295 2101 ad
327 2061 418 2102 Ter.
446 2063 581 2103 Andr.
610 2064 645 2111 4,
664 2063 705 2111 5,
725 2064 776 2102 5:
805 2062 957 2102 amicus
986 2062 1120 2113 animi,
1150 2066 1303 2102 amator
1331 2075 1426 2102 uero
1457 2063 1648 2113 corporis.
1703 2074 1784 2102 non
1812 2062 1917 2102 enim

239 2116 428 2155 continuo
458 2127 569 2156 amor
596 2119 657 2155 est
687 2115 755 2166 qui
783 2115 885 2155 bene
914 2115 1002 2155 uult
1030 2146 1040 2155 .
1061 2146 1071 2156 .
1092 2146 1103 2156 .
1125 2145 1135 2156 .
1156 2120 1197 2156 et
1225 2117 1321 2156 item
1342 2115 1521 2156 Catullus
1539 2112 1672 2166 ‘Cogit
1692 2137 1745 2144 —
1763 2114 1914 2156 minus'

370 2168 424 2210 73
452 2170 733 2208 Iacens-titium
773 2170 937 2208 nullum
967 2169 1011 2208 V
1043 2169 1058 2222 1}
1104 2173 1122 2210 1
1171 2170 1382 2221 quisquam
1421 2170 1466 2210 V
1504 2168 1519 2218 ΙΙ
1565 2171 1591 2209 4
1624 2168 1794 2209 Prodest
1835 2169 1923 2208 add

236 2223 471 2272 Ammius,
504 2223 690 2272 Guietus,
717 2223 1025 2273 Froelzlicltius‚
1055 2223 1156 2262 alii:
1194 2236 1259 2262 om
1298 2223 1337 2263 V
1376 2223 1456 2262 lam
1499 2222 1612 2262 iuuat
1653 2223 1741 2262 add
1765 2222 1918 2262 Mum-o

237 2276 387 2316 luuerit
414 2276 501 2316 add
528 2277 808 2315 Baehrensius
853 2275 867 2328 ΙΙ
912 2277 992 2315 imo
1025 2276 1058 2316 G
1104 2275 1119 2328 ΙΙ
1165 2276 1288 2316 laedit
1324 2276 1618 2317 ‚Froelzliclzius
1662 2276 1677 2329 ΙΙ
1723 2276 1918 2328 obestque

242 2330 287 2370 V
287 2329 333 2368 ²¹³:
363 2332 538 2381 [stetque
566 2329 762 2369 ABCDA
796 2333 955 2381 stetque
997 2334 1038 2368 et
1078 2333 1123 2369 in
1165 2342 1301 2380 marg.
1340 2332 1392 2370 61.
1423 2329 1539 2370 obest
1566 2329 1617 2378 L]
1658 2330 1672 2382 ΙΙ
1712 2329 1839 2381 magis
1870 2341 1919 2370 ue

238 2383 366 2434 magis
399 2384 445 2424 V
462 2383 585 2424 Immo
616 2383 737 2445 etiam
765 2383 911 2433 taedet,
941 2383 1075 2424 taedet
1104 2383 1301 2436 obestque
1329 2385 1457 2435 magis
1484 2384 1697 2423 Auantius
1722 2383 1737 2436 ΙΙ
1779 2385 1801 2423 5
1869 2394 1916 2423 ae

238 2463 317 2557 ‘5⁰5¹'
337 2463 466 2556 ‘jugem
494 2475 572 2516 que
605 2463 638 2503 G
665 2447 751 2516 &qs
784 2463 815 2502 O
849 2463 863 2515 ΙΙ
894 2465 916 2503 6
946 2463 1086 2504 habuit
1110 2464 1165 2502 O:
1195 2463 1316 2503 habet
1347 2463 1380 2503 G
1410 2463 1564 2513 [habuit
1593 2463 1764 2503 amicum
1790 2462 1921 2503 Laur.

296 2547 308 2567 '
373 2570 428 2612 74
455 2571 733 2609 Intorstitium
760 2569 923 2609 nullum
955 2571 1000 2610 V
1023 2569 1038 2619 ΙΙ
1078 2572 1097 2611 1
1129 2569 1278 2610 Gel¹1us
1313 2570 1343 2619 (l
1372 2570 1548 2608 alteram
1579 2581 1669 2608 sscr
1694 2581 1747 2610 m.
1770 2570 1856 2620 pr.)
1889 2569 1919 2608 0

241 2623 409 2671 [Gellius
429 2624 558 2663 Laur.
577 2625 647 2672 35,
667 2625 754 2673 42J:
783 2622 916 2662 Lelius
939 2623 971 2662 G
1000 2624 1182 2671 [BD-AR
1212 2623 1360 2662 Lellius
1379 2622 1452 2662 AL
1481 2621 1613 2662 Lelius
1643 2627 1684 2661 et
1709 2624 1756 2662 in
1782 2634 1918 2673 marg.

239 2676 256 2715 1
285 2677 438 2717 Gellius
466 2678 537 2717 BC
562 2676 698 2717 Gelius
727 2678 783 2726 H]
815 2677 827 2727 ΙΙ
864 2677 960 2716 fiere
990 2677 1034 2716 V
1062 2677 1076 2729 ΙΙ
1121 2679 1143 2718 3
1173 2676 1217 2715 Η’
1246 2678 1299 2726 (h.
1329 2690 1361 2716 e.
1391 2676 1504 2726 haec)
1537 2675 1594 2714 O*
1627 2675 1641 2728 ΙΙ
1685 2675 1921 2728 perdespuit

242 2730 280 2769 V
307 2743 404 2770 corr
433 2731 625 2780 Scaliger
652 2730 665 2782 ΙΙ
692 2733 718 2770 4
746 2730 875 2770 reddit
907 2730 961 2768 O*
989 2730 1002 2780 ΙΙ
1031 2731 1337 2780 harpocrathem
1369 2729 1401 2768 G

375 2784 427 2825 75
456 2783 631 2824 Nullum
658 2786 931 2823 interstitium
954 2785 999 2824 V
1015 2783 1029 2835 ΙΙ
1061 2787 1080 2825 1
1102 2783 1201 2832 Huc]
1233 2783 1346 2823 Nunc
1375 2784 1479 2822 liber
1504 2782 1756 2822 Cuiacz'anus
1785 2783 1920 2832 (quom

241 2838 365 2876 hodie
400 2839 525 2878 Henr.
555 2838 720 2876 Alanus
748 2838 951 2888 possidet)
997 2849 1082 2876 non
1122 2840 1322 2876 sincerus.
1372 2849 1455 2886 qua
1496 2837 1710 2886 scriptura
1751 2839 1919 2886 recepta

240 2890 435 2940 Scaliger
463 2894 653 2930 carmina
679 2891 730 2931 87
757 2894 797 2929 et
821 2891 871 2930 75
900 2893 946 2929 in
973 2903 1105 2930 unum
1134 2903 1302 2930 carmen
1331 2891 1555 2928 coniunxit
1586 2888 1600 2941 ΙΙ
1636 2888 1751 2928 Nunc
1779 2910 1832 2917 -
1861 2887 1938 2928 di·-

241 2943 360 2983 ducta
391 2945 684 2984 Lachmannus
711 2946 724 2996 Η
755 2946 778 2984 2
795 2944 938 2994 glossa
959 2946 1190 2994 pithoeana
1215 2956 1257 2993 p.
1275 2944 1324 2983 7o
1347 2940 1538 2988 Gothos'r.
1567 2936 1825 2992 ‘officiperdi’
1849 2942 1918 2994 qui

242 2997 305 3037 sui
334 2997 484 3037 laboris
512 3010 592 3038 non
621 2999 770 3038 habent
798 2998 1183 3037 remunerationem.
1200 2997 1389 3036 Catullus.
1432 2997 1505 3034 sed
1539 2997 1639 3034 haec
1662 2996 1803 3047 glossa
1833 3007 1918 3035 non

241 3053 430 3102 rospeoez't
461 3050 680 3101 Catullum,
706 3054 845 3103 potius
875 3051 1044 3091 Catonis
1073 3053 1147 3102 qui
1176 3051 1332 3089 dicitur
1362 3050 1455 3089 dist.
1483 3051 1519 3098 4,
1546 3050 1597 3088 42
