2040 3372
245 112 305 158 58
950 116 1013 164 64,
1044 118 1200 156 71-98

375 248 411 294 Α
447 249 627 305 misera,
663 249 856 297 assiduis
892 264 1028 310 quam
1063 250 1264 298 luctibus
1301 252 1559 298 externauit
1654 227 2040 351 (Qiifimlliussss

375 315 595 376 Spinosas
630 315 829 378 Erycina
865 331 886 363 s
917 331 1027 363 rens
1054 316 1311 392 ffppctor
1375 333 1508 366 curas
2032 307 2040 322 ⁴

373 382 452 429 Illa
486 381 831 444 tempestate„†
854 331 1078 443 fflqiie
1114 392 1159 430 et.
1192 391 1211 430 t
1288 400 1402 446 pore
1439 386 1644 432 Theseus

372 448 599 510 Egressus
635 449 790 496 curuis
826 464 851 495 e
886 449 1098 496 litoribus
1131 451 1279 498 Piraei

295 523 339 562 75
372 515 535 577 Attigit
567 516 726 563 iniusti
761 516 883 577 regis
916 504 1127 578 §ortynia
1161 524 1293 564 tecta.

374 582 490 629 Nam
525 582 774 644 perhibent
810 583 919 629 olim
958 583 1132 630 crudeli
1168 592 1298 645 peste
1335 591 1538 631 coactam

372 648 736 710 Androgeoneae
771 664 948 710 poenas
983 650 1197 697 exoluere
1234 650 1385 697 caedis

372 715 556 762 Eiectos
591 717 786 762 iuuenes
821 716 958 763 simul
995 724 1039 762 et
1074 717 1214 765 decus
1249 718 1548 779 innuptarum

375 782 643 844 Cecropiam
679 782 859 830 solitam
897 797 996 830 esse
1033 783 1197 844 dapem
1233 785 1342 830 dare
1377 785 1654 832 Minotauro.

293 857 338 896 80
373 848 486 903 Quis
524 857 717 910 angusta
753 850 883 897 malis
919 864 1023 896 cum
1061 851 1243 896 moenia
1279 858 1574 906 uexarentur‚

372 915 475 976 Ipse
510 930 645 962 suum
683 916 889 964 Theseus
922 932 1007 978 pro
1043 917 1160 964 caris
1196 932 1367 978 corpus
1401 917 1594 965 Athenis

371 982 589 1029 Proicere
625 984 802 1045 optauit
836 985 991 1045 potius
1028 999 1162 1045 quam
1201 984 1304 1030 talia
1342 984 1523 1031 Cretam

372 1048 555 1096 Funera
593 1049 842 1111 Cecropiae
881 1065 967 1097 nec
1004 1051 1167 1097 funera
1203 1057 1517 1113 portarentur.

371 1116 521 1177 Atque
557 1117 616 1163 ita
654 1132 774 1163 naue
809 1118 901 1163 leui
939 1117 1092 1164 nitens
1129 1132 1182 1163 ac
1216 1118 1400 1165 lenibus
1434 1118 1558 1165 auris

292 1190 337 1229 85
371 1183 716 1244 Magnanimum
754 1185 807 1230 ad
845 1185 996 1230 Minoa
1033 1185 1164 1231 uenit
1198 1185 1423 1246 sedesque
1459 1184 1699 1246 superbas.

372 1250 509 1297 Hunc
546 1251 735 1298 simulac
773 1251 942 1312 cupido
979 1252 1222 1312 conspexit
1261 1252 1436 1298 lumine
1472 1253 1604 1313 uirgo

370 1317 526 1378 Regia,
565 1333 699 1379 quam
738 1319 894 1364 suauis
930 1318 1147 1379 expirans
1184 1324 1337 1365 castus
1373 1318 1540 1366 odores

370 1383 589 1430 Lectulus
624 1385 671 1431 in
708 1385 834 1431 molli
872 1386 1113 1447 complexu
1151 1385 1309 1432 matris
1344 1385 1508 1441 alebat,

371 1450 540 1505 Quales
576 1451 775 1498 Eurotae
812 1452 1099 1513 progignunt
1132 1452 1322 1498 flumina
1365 1459 1539 1514 myrtos

292 1525 337 1563 90
371 1518 554 1565 Auraue
591 1518 832 1565 distinctos
867 1519 1021 1565 educit
1056 1533 1201 1565 uerna
1239 1519 1432 1575 colores,

370 1585 473 1631 Non
510 1586 641 1647 prius
676 1600 730 1632 ex
767 1586 844 1631 illo
881 1586 1120 1646 flagrantia
1155 1586 1403 1633 declinauit

369 1651 564 1698 Lumina
601 1667 738 1713 quam
773 1661 944 1699 cuncto
981 1654 1197 1714 concepit
1231 1654 1426 1714 Corpore
1462 1653 1691 1699 flammam
1999 1702 2012 1722 fl

372 1717 601 1766 Funditus
636 1726 772 1780 atque
809 1720 912 1766 imis
948 1720 1115 1766 exarsit
1148 1726 1244 1766 tota
1278 1719 1504 1766 medullis.
1595 1734 1664 1793 (ῃ,
1688 1732 1810 1810 ἄνφ
1839 1728 1899 1784 q‘s
1922 1727 2003 1797 <uis

371 1785 472 1832 Heu
508 1786 676 1833 misere
712 1787 949 1847 exagitans
984 1786 1147 1833 immiti
1184 1787 1323 1833 corde
1357 1787 1539 1833 furores
1651 1760 2040 1847 dnm,d-5‘⁴'sp

291 1861 334 1899 95
371 1852 538 1899 Sancte
573 1868 705 1915 puer,
744 1853 867 1900 curis
903 1854 1142 1900 hominum
1183 1854 1259 1914 qui
1297 1853 1458 1915 gaudia
1495 1852 1675 1907 misceS,
1763 1859 1815 1900 12«
1862 1842 2040 1902 ’,ΖΜ

370 1919 589 1981 Quaeque
623 1921 746 1981 regis
785 1920 949 1981 Golqos
986 1935 1197 1981 quaeque
1233 1920 1422 1967 Idalium
1461 1919 1749 1975 Frondosum‚

370 1986 594 2040 Qualibus
628 1988 865 2034 incensam
903 1988 1104 2034 iactastis
1138 1994 1295 2034 mente
1330 1987 1530 2048 puellam

371 2052 610 2101 Fluctibus
645 2054 692 2100 in
729 2055 851 2100 flauo
887 2069 1024 2115 saepe
1061 2055 1243 2115 hospite
1279 2053 1613 2115 suspirantem!

371 2200 435 2238 71.
458 2201 479 2238 7
486 2200 507 2238 2
538 2197 704 2237 Nonius
730 2198 889 2248 2108,42
918 2192 1180 2238 ‘Externauit'
1209 2202 1254 2238 ut
1284 2197 1569 2246 consternauit,
1599 2196 1638 2236 id
1669 2199 1731 2236 est
1759 2196 1922 2236 demen-

238 2255 316 2292 tem
354 2251 461 2292 fecit.
519 2252 699 2291 Catullus
737 2252 916 2300 (Catulus
954 2252 1066 2302 libri)
1107 2247 1158 2291 ‘A
1193 2252 1337 2291 misera
1374 2250 1550 2290 adsiduis
1587 2262 1708 2302 quam
1743 2249 1920 2290 luctibus

236 2306 460 2345 externauit
489 2304 683 2356 Spinosas
710 2305 881 2356 Erycina
913 2318 1051 2345 serens
1077 2305 1225 2355 (ferens
1255 2306 1368 2354 libri)
1397 2305 1436 2343 in
1466 2307 1629 2354 pectore
1659 2299 1793 2343 curas'
1824 2303 1838 2356 ΙΙ
1869 2307 1916 2344 71

233 2359 295 2399 Ah
329 2358 361 2398 G
398 2358 454 2398 Ha
489 2360 546 2398 0*
585 2357 600 2410 ll
642 2361 692 2399 72
732 2359 877 2398 ericina
910 2360 949 2398 V
986 2359 1001 2408 ΙΙ
1041 2359 1259 2411 impectore
1301 2359 1357 2397 O*
1398 2357 1412 2410 ΙΙ
1454 2359 1504 2398 73
1535 2357 1647 2397 ferox
1675 2369 1753 2409 qua
1781 2358 1920 2409 (quom

234 2412 498 2462 Ritselzelius)
528 2413 671 2452 robore
699 2413 995 2452 Froehliehius
1030 2413 1141 2452 ferox
1181 2425 1261 2464 quo
1300 2412 1384 2459 (uel
1420 2423 1499 2463 quo
1530 2413 1595 2461 ex)
1631 2415 1811 2462 tempore
1842 2425 1878 2449 ω
1906 2411 1921 2463 ΙΙ

238 2469 291 2506 74
316 2469 362 2504 iu
391 2467 513 2516 piraei
545 2467 852 2517 diphthongum
881 2478 927 2506 ae
956 2469 1150 2505 seruauit
1169 2467 1214 2506 V
1233 2466 1247 2518 ΙΙ
1275 2469 1296 2506 7
1304 2470 1326 2507 5
1346 2465 1465 2504 inuisi
1486 2465 1682 2503 Heinsius
1709 2465 1722 2516 Η
1751 2465 1918 2504 cortinia

235 2523 384 2570 tempta
416 2521 541 2570 (tepta
575 2521 621 2570 0)
655 2520 700 2560 V
721 2522 844 2568 [tenta
874 2520 1003 2569 ADL]
1033 2520 1179 2572 templa
1211 2533 1247 2558 ω
1274 2519 1289 2571 ΙΙ
1324 2521 1372 2558 77
1403 2519 1499 2558 Cum
1529 2518 1805 2568 androgeanee
1834 2519 1918 2566 (-ne

238 2574 309 2623 0*)
337 2585 462 2623 penas
495 2574 540 2613 V
557 2572 572 2626 ss
600 2573 809 2613 exsoluere
842 2573 872 2611 Ο
901 2575 1087 2624 (praeter
1124 2575 1234 2612 hune
1271 2575 1406 2612 Iocum
1433 2573 1683 2622 ubicumque
1710 2571 1918 2610 uocabula

236 2627 434 2676 leguntur
467 2630 513 2665 in
549 2629 698 2678 quibus
737 2639 785 2666 ex
824 2639 916 2665 eum
944 2630 1073 2678 stirpe
1101 2640 1127 2666 a
1156 2639 1174 2666 s
1205 2627 1345 2665 littera
1373 2627 1599 2676 incipiente
1628 2626 1713 2664 coit
1737 2647 1792 2653 —
1819 2628 1919 2663 sunt

233 2681 409 2719 sedecim
438 2681 521 2719 loci
540 2704 589 2708 —
610 2683 656 2719 in
688 2681 733 2721 V
752 2692 771 2718 s
799 2681 1059 2731 eoetruditur)
1086 2681 1100 2732 ΙΙ
1129 2683 1178 2720 80
1208 2682 1375 2730 augusta
1407 2693 1442 2717 ω
1467 2678 1482 2728 ss
1511 2678 1671 2727 inoenia
1704 2677 1761 2717 G*
1784 2678 1915 2718 icenia

239 2733 295 2772 Ο*
324 2734 377 2782 [in
407 2735 518 2773 cenia
548 2733 661 2774 Βίου.
686 2736 760 2774 606
797 2734 937 2773 incena
966 2735 1021 2783 D]
1061 2732 1075 2784 ll
1104 2736 1154 2774 82
1186 2733 1386 2784 [Proicere
1417 2732 1598 2780 CDHP]:
1643 2730 1855 2771 Prohicere
1886 2731 1918 2770 0

235 2788 346 2836 [BA]
383 2787 581 2827 Proiicere
613 2788 646 2827 G
674 2787 799 2836 [AL]‚
841 2786 896 2834 cf.
927 2789 983 2826 ad
1009 2790 1076 2835 55,
1102 2788 1152 2826 49
1191 2786 1207 2839 ss
1249 2789 1298 2827 83
1329 2798 1402 2825 nec
1445 2785 1583 2824 funere
1626 2785 1788 2824 Statius
1829 2784 1916 2823 sine

234 2841 372 2879 funere
392 2841 582 2891 Langius
607 2840 621 2892 ΙΙ
652 2842 701 2881 86
723 2842 910 2891 conpexit
933 2842 988 2879 Ο*
1015 2843 1029 2894 Η
1058 2843 1106 2881 88
1128 2840 1277 2880 allebat
1301 2839 1354 2878 O*
1383 2838 1397 2892 ΙΙ
1425 2840 1475 2879 89
1497 2850 1646 2889 europe
1675 2838 1915 2889 pergignunt

238 2893 279 2932 V
301 2895 566 2945 praecingunt
594 2896 872 2934 Baehrensius
898 2895 912 2947 11
954 2896 1094 2934 mirtos
1127 2895 1158 2932 0
1200 2894 1250 2942 [B
1278 2893 1407 2932 Laur.
1436 2894 1506 2939 55,
1534 2893 1586 2931 42
1618 2892 1755 2932 Vatia.
1774 2891 1915 2940 4630]:

234 2946 376 2986 mirtus
399 2948 430 2986 G
452 2948 673 2997 [CDHLA]
702 2949 715 3000 ΙΙ
744 2949 795 2987 92
824 2954 987 2999 pectore
1018 2962 1053 2987 ω
1073 2947 1086 3000 ΙΙ
1105 2947 1263 2986 flamam
1288 2946 1320 2986 G
1347 2945 1361 2996 ΙΙ
1390 2948 1441 2986 94
1468 2946 1569 2984 imiti
1602 2945 1634 2983 0
1659 2949 1677 2982 ῖ
1704 2944 1789 2983 miti
1813 2943 1847 2983 G
1873 2944 1913 2983 in

234 3000 321 3039 miti
350 3014 384 3038 ω
413 2999 427 3052 ΙΙ
456 3001 570 3039 corda
604 3002 735 3041 surore
763 3000 932 3040 Ramler
965 3002 978 3049 l!
1014 3004 1064 3041 96
1095 3001 1142 3052 Op
1169 3012 1265 3051 neqa
1299 2999 1354 3037 0*
1383 2998 1413 3045 Q
1444 2999 1532 3050 uiqs
1565 2998 1597 3038 G
1634 2997 1649 3049 ll
1685 2998 1848 3037 colchos
1881 2997 1913 3036 G

233 3054 396 3093 cholcos
428 3054 483 3092 O*
509 3055 524 3103 ll
551 3058 747 3106 quaeque]
774 3057 818 3108 (1³
852 3056 882 3092 O
910 3055 922 3106 Η
950 3055 989 3093 id
1020 3055 1140 3094 alium
1173 3055 1204 3093 0
1231 3053 1408 3105 ydalium
1442 3053 1475 3091 G
