2040 3372
227 90 287 134 14
907 95 967 144 16,
996 95 1140 144 7—17‚
1173 97 1219 136 17

426 227 514 282 Qui
550 234 649 273 tum
685 227 884 289 denique
919 228 1092 275 habeut
1124 230 1264 276 salem
1299 244 1351 276 ac
1387 230 1606 292 leporem,

424 293 471 340 Si
507 300 617 341 sunt
651 293 870 341 molliculi
906 309 958 341 ac
994 310 1156 356 parum
1192 296 1350 357 pudici

425 360 481 407 Et
517 361 640 421 quod
675 361 853 422 pruriat
887 362 1078 409 incitare
1114 369 1324 424 possunt,

343 434 386 473 10
420 427 524 474 Non
562 427 663 473 dico
702 428 872 488 pueris,
909 429 987 475 sed
1024 429 1094 476 his
1130 430 1301 490 pilosis,

421 493 511 548 Qui
546 495 687 540 duros
724 501 965 555 nequeunt
998 510 1188 543 mouere
1224 496 1419 544 lumbos.

422 560 525 617 Vos,
564 561 686 620 quod
719 561 841 607 milia
878 561 1018 608 multa
1053 561 1287 610 basiorum

419 627 630 689 Legistis,
667 627 785 674 male
822 642 894 674 me
929 642 1103 676 marem
1138 628 1346 690 putatis?

421 693 648 741 Pedicabo
686 709 770 755 ego
807 709 891 741 uos
927 702 973 742 et
1005 695 1254 743 irrumabo.

216 956 281 1009 17
418 955 459 1009 0
497 959 696 1017 Colonia,
734 974 851 1020 quae
887 960 1019 1022 cupis
1054 968 1197 1022 ponte
1233 961 1393 1008 ludere
1428 962 1582 1023 longo,

417 1026 476 1073 Et
510 1026 644 1074 salire
680 1033 891 1087 paratum
927 1026 1086 1085 habes,
1123 1029 1203 1075 sed
1238 1029 1414 1076 uereris
1450 1029 1605 1090 inepta

418 1093 561 1140 Crura
597 1094 825 1155 ponticuli
862 1094 1034 1141 aoeuleis
1069 1094 1229 1142 stantis
1265 1095 1312 1141 in
1349 1095 1584 1152 rediuiuis,

413 1160 481 1207 Ne
516 1160 712 1221 supinus
749 1167 822 1208 eat
858 1175 1062 1222 canaque
1098 1161 1144 1207 in
1183 1162 1348 1223 palude
1384 1162 1637 1220 recumbat,

358 1235 380 1273 5
417 1228 492 1274 Sic
528 1227 610 1273 tibi
647 1227 800 1275 bonus
836 1242 892 1274 ex
928 1235 1005 1274 tua
1041 1243 1162 1288 pons
1198 1228 1386 1275 libidine
1422 1230 1512 1286 fiat,

414 1294 467 1341 In
505 1309 597 1355 quo
634 1294 710 1340 uel
747 1294 1025 1341 Salisubsilis
1059 1309 1186 1341 sacra
1222 1295 1559 1357 suscipiantur:

415 1361 583 1408 Munus
616 1361 707 1407 hoc
743 1362 853 1407 mihi
890 1361 1072 1408 maximi
1109 1362 1178 1418 da,
1217 1362 1422 1420 Colonia,
1457 1362 1591 1410 risus.

414 1427 658 1483 Quendam
693 1428 979 1489 municipem
1015 1443 1169 1475 meum
1205 1429 1260 1475 de
1295 1436 1375 1476 tuo
1412 1429 1518 1477 uolo
1555 1438 1698 1491 ponte

414 1495 486 1541 Ire
522 1494 823 1556 praecipitem
859 1495 906 1541 in
944 1495 1092 1542 lutum
1129 1510 1214 1557 per
1250 1503 1479 1558 caputque
1515 1497 1763 1558 pedesque,

333 1568 376 1607 10
414 1561 584 1608 Verum
620 1561 760 1608 totius
797 1570 846 1608 ut
881 1562 1006 1609 lacus
1042 1562 1317 1623 putidaeque
1352 1563 1533 1624 paludis

412 1628 700 1675 Liuidissima
736 1629 1026 1689 maximeque
1062 1635 1132 1676 cst
1167 1630 1397 1691 profunda
1433 1643 1621 1690 uorago.

410 1695 748 1742 Insulsissimus
785 1702 854 1742 est
889 1696 1042 1750 homo,
1081 1710 1168 1742 nec
1204 1696 1322 1757 sapit
1357 1697 1488 1758 pueri
1525 1697 1668 1744 instar

410 1762 578 1808 Bimuli
614 1762 809 1808 tremula
847 1763 988 1823 patris
1024 1762 1293 1810 dormientis
1329 1763 1376 1809 in
1413 1763 1536 1810 ulna.

411 1827 532 1884 Quoi
566 1843 671 1875 cum
708 1829 766 1875 sit
801 1829 1078 1876 uiridissimo
1118 1836 1261 1891 nupta
1295 1830 1408 1876 flore
1444 1829 1597 1891 puella

331 1903 374 1942 15
410 1895 487 1954 (Et
521 1895 674 1957 puella
711 1896 931 1942 tenellulo
968 1896 1206 1943 delicatior
1240 1896 1368 1954 aedo,

408 1962 706 2009 Adseruanda
743 1962 1004 2023 nigerrimis
1040 1963 1303 2024 diligentius
1338 1964 1474 2021 uuis),

408 2029 589 2075 Ludere
625 2029 745 2075 hanc
781 2029 891 2076 sinit
925 2035 977 2075 ut
1011 2029 1150 2087 lubet,
1190 2045 1277 2076 nec
1312 2030 1392 2092 pili
1428 2030 1536 2076 facit
1569 2029 1667 2087 uni,

206 2199 405 2239 Catullum
434 2200 488 2239 ita
509 2198 817 2249 respondentem
837 2200 1038 2240 maliuolis
1059 2212 1138 2240 non
1167 2200 1323 2252 legistis
1352 2196 1467 2240 ‘Nam
1488 2202 1641 2240 castum
1657 2222 1710 2229 —-
1731 2211 1894 2241 necesse

205 2247 318 2292 est'?
335 2252 348 2303 Η
368 2254 471 2294 5-8
493 2254 655 2292 Plinius
675 2255 790 2303 epist.
805 2256 841 2303 4,
857 2254 917 2302 44,
931 2256 957 2293 ὅ
979 2254 1126 2294 scimus
1155 2254 1307 2318 alioqui
1327 2254 1443 2294 huius
1464 2253 1647 2306 opusculi
1673 2253 1782 2293 illam
1804 2265 1893 2294 esse

204 2307 454 2346 uerissimam
492 2307 624 2357 legem
662 2319 781 2358 quam
811 2307 990 2347 Catullus
1025 2308 1221 2360 expressit
1263 2307 1362 2347 Nam
1393 2312 1548 2348 castum
1576 2329 1626 2336 -—
1655 2319 1793 2359 parum
1822 2320 1894 2360 pu-

204 2355 299 2399 dici'
330 2359 346 2413 ΙΙ
374 2362 398 2400 6
426 2360 624 2400 uersiculo
655 2360 859 2399 librorum
883 2361 1013 2400 Plinii
1041 2363 1190 2412 optimi
1217 2362 1425 2401 medie-eus
1452 2364 1491 2400 el
1517 2362 1742 2400 uaticanus
1766 2360 1781 2413 ΙΙ
1807 2372 1892 2400 rec-

204 2425 316 2453 cesse
336 2412 393 2452 0*
419 2411 434 2465 ΙΙ
464 2417 485 2453 7
515 2416 558 2454 t1‘1
577 2413 608 2452 O
637 2416 741 2453 tame
761 2414 794 2453 G
812 2427 901 2454 sscr
920 2415 969 2453 al'
989 2417 1095 2464 tuag
1123 2418 1218 2454 tunc
1247 2415 1348 2454 libri
1365 2415 1550 2465 pliniana·
1575 2412 1589 2467 ΙΙ
1620 2416 1642 2455 8
1672 2417 1765 2454 sunt
1795 2414 1894 2453 libri

196 2468 408 2517 pliniani:
439 2467 519 2506 sint
549 2467 587 2506 V
613 2465 626 2517 ΙΙ
659 2470 706 2507 10
736 2467 812 2507 hiis
841 2468 996 2519 pillosis
1029 2468 1082 2507 Ο*
1110 2468 1124 2519 ΙΙ
1156 2470 1202 2509 12
1232 2468 1312 2509 Hos
1345 2468 1398 2507 O*
1425 2469 1440 2520 ΙΙ
1467 2468 1573 2519 quod
1595 2467 1737 2516 [Laur.
1752 2468 1823 2516 35,
1839 2467 1890 2508 12

201 2521 382 2570 Dresd.]:
414 2533 457 2572 qs
489 2521 527 2560 V
555 2520 638 2571 [qui
667 2520 785 2570 ACL]
816 2521 908 2572 quei
938 2521 1211 2560 Rossbachius
1238 2533 1359 2573 quom
1388 2522 1488 2561 Luc.
1517 2521 1691 2560 Mueller
1717 2519 1732 2574 ΙΙ
1765 2520 1890 2560 millia

205 2573 261 2613 G*
289 2573 302 2626 ΙΙ
334 2576 382 2615 14
412 2574 612 2614 Dedicabo
643 2574 688 2612 V

335 2628 385 2669 17
415 2628 691 2667 Interslilium
719 2627 882 2667 nullum
921 2625 958 2667 V
981 2627 995 2679 ΙΙ
1039 2630 1058 2669 1
1091 2627 1120 2667 Ο
1152 2628 1243 2668 culo
1272 2628 1313 2667 iu
1343 2639 1446 2678 aque
1475 2627 1513 2666 V
1539 2627 1553 2677 ΙΙ
1580 2627 1712 2668 ledere
1741 2627 1783 2668 V
1804 2627 1890 2668 loe-

203 2679 296 2720 dere
327 2681 518 2731 Scalr'ger
554 2680 568 2733 ΙΙ
607 2682 630 2721 3
661 2681 814 2720 axuleis
851 2683 1020 2732 scripsi:
1059 2693 1105 2721 ac
1135 2681 1256 2721 sulcis
1290 2681 1334 2720 V
1363 2680 1533 2720 acsuleis
1560 2681 1734 2720 Ellis-ius
1762 2681 1889 2721 axulis

202 2734 394 2772 Handius
423 2735 568 2775 assulis
585 2734 747 2774 Statius
775 2734 789 2786 Η
817 2735 960 2774 stantis
977 2735 1160 2774 Statius:
1190 2735 1310 2774 tantis
1329 2735 1375 2774 V
1391 2734 1406 2787 ΙΙ
1432 2733 1607 2774 reduiuis
1626 2735 1683 2773 O*
1710 2734 1723 2787 ΙΙ
1751 2736 1776 2775 4
1796 2746 1889 2786 sup·

202 2787 319 2839 pinus
338 2786 393 2826 O*
424 2787 438 2839 ΙΙ
466 2800 643 2840 canaque
664 2788 719 2827 O*
748 2788 762 2840 ΙΙ
790 2789 813 2828 6
844 2787 1089 2828 Salisubsilis
1108 2788 1269 2827 Statius
1294 2786 1572 2837 (Salisubsulis
1590 2790 1661 2838 w):
1692 2788 1766 2828 sali
1795 2788 1888 2827 sub-

202 2840 264 2880 sili
298 2841 342 2880 V
364 2841 453 2889 [sali
483 2842 634 2882 subsali
663 2842 798 2889 BDA]
830 2840 1118 2892 Salisubsu(i)li
1148 2855 1183 2880 ω
1220 2840 1457 2881 Salisubsali
1491 2841 1694 2892 Bergkius
1763 2840 1888 2880 susci-

201 2894 312 2944 piant
331 2895 374 2934 V
392 2894 408 2946 ss
439 2897 460 2933 7
491 2895 650 2934 maximi
678 2909 702 2934 α
723 2894 755 2934 G
785 2897 981 2934 omissum
1010 2897 1055 2934 in
1083 2907 1216 2944 marg.
1234 2895 1318 2933 add
1334 2894 1382 2934 G¹
1412 2893 1428 2947 ss
1455 2896 1477 2935 8
1507 2894 1682 2941 QuEdam
1745 2909 1754 2934 :
1784 2893 1886 2940 Que-

201 2946 291 2986 dam
325 2946 378 2986 O*
407 2947 422 2999 ΙΙ
462 2950 509 2989 10
539 2948 726 3000 pudiceqa
759 2948 801 2987 V
822 2948 1072 3000 punicaeque
1107 2949 1282 3000 Heysius
1307 2948 1320 2999 [1
1349 2948 1516 2998 paludes
1546 2948 1590 2988 V
1616 2947 1632 2999 ΙΙ
1667 2949 1714 2988 12
1742 2946 1886 2987 insulsi

201 3001 325 3040 simus
357 3000 413 3039 O*
449 3001 464 3054 ΙΙ
502 3003 548 3042 13
579 3001 725 3040 Himuli
757 3001 813 3040 0*
849 3001 863 3052 ΙΙ
901 3004 950 3042 14
978 3002 1047 3041 Cui
1077 3002 1209 3042 iocum
1238 3002 1290 3041 sit
1320 3002 1364 3041 V
1384 3001 1397 3053 ΙΙ
1432 3004 1478 3042 15
1511 3000 1562 3040 Vt
1591 3001 1635 3041 V
1656 3000 1726 3041 Est
1754 3000 1886 3040 Lac-lt-

201 3066 380 3094 mannus
406 3053 420 3106 ΙΙ
450 3054 658 3098 tenellullo
691 3053 745 3093 O*
773 3052 787 3107 ΙΙ
816 3055 890 3094 edo
921 3055 964 3095 V
984 3053 998 3105 ΙΙ
1031 3056 1078 3096 16
1107 3055 1358 3095 Asseruanda
1389 3055 1422 3094 G
1449 3054 1462 3106 ΙΙ
1490 3054 1690 3106 nigerimis
1722 3054 1778 3093 0*
