2040 3372
235 143 297 188 38
916 148 979 196 55,
1009 147 1180 197 23—60,
1208 148 1231 186 5

236 277 300 331 55
357 286 401 326 23
435 279 537 327 Non
577 285 731 328 custos
766 280 804 328 si
839 281 989 341 fingar
1022 280 1097 326 ille
1134 280 1334 338 Cretum,

355 354 399 393 25
434 346 538 394 Non
574 346 721 394 Ladas
756 362 840 409 ego
876 346 1154 408 pinnipesue
1190 347 1398 405 Perseus,

356 421 400 459 24
433 413 536 460 Non
574 414 612 461 si
647 428 845 475 pegaseo
881 415 1004 460 ferar
1038 414 1210 471 uolatu,

353 488 399 527 26
432 480 535 527 Non
571 480 709 528 Rhesi
746 481 912 528 niueae
948 480 1156 542 citaeque
1189 481 1346 543 bigae:

433 547 560 594 Adde
594 548 685 595 huc
719 548 1007 610 plumipedas
1041 547 1358 609 uolatilesque‚

431 614 779 676 Ventorumque
814 614 950 662 simul
984 615 1168 676 require
1205 629 1418 663 cursum:

435 681 562 736 Quos
598 682 798 739 iunctos,
835 682 1031 738 Cameri,
1067 682 1180 728 mihi
1214 682 1405 740 dicares,

355 756 399 795 30
433 748 650 796 Defessus
685 755 839 796 tamen
876 748 1093 796 omnibus
1127 749 1340 797 medullis

433 814 493 862 Et
526 815 682 863 multis
716 816 985 877 langoribus
1018 830 1210 877 peresus

432 881 594 931 Essem
628 888 674 930 te
709 883 835 943 mihi,
872 883 1032 942 amice,
1070 881 1384 944 quaeritando.

235 1119 299 1174 59
432 1119 753 1172 Bononiensis
785 1122 903 1170 Rufa
938 1122 1156 1170 Rufulum
1192 1123 1330 1181 fellat,

434 1190 559 1237 onr
593 1190 793 1250 Meneni,
829 1205 966 1253 saepe
1001 1205 1139 1252 quam
1169 1190 1222 1249 ‚in
1259 1188 1533 1251 sepulcretis

435 1257 619 1305 Vidistis
652 1258 754 1319 ipso
790 1272 954 1320 rapere
990 1258 1046 1304 de
1081 1272 1195 1320 rogo
1233 1271 1408 1314 cenam,

438 1324 550 1371 Cum
588 1325 858 1372 deuolutum
895 1340 950 1372 ex
986 1325 1094 1386 igne
1129 1339 1420 1387 prosequens
1454 1337 1623 1386 panem

379 1399 403 1438 5
437 1391 506 1438 Ab
543 1392 763 1440 semiraso
798 1393 1075 1440 tunderetur
1109 1398 1282 1440 ustore.

1205 1543 1221 1565 Ο

237 1629 304 1683 60
438 1629 569 1683 Num
604 1639 649 1680 te
684 1633 842 1681 leaena
878 1633 1115 1680 montibus
1149 1632 1377 1695 libystinis

441 1701 531 1747 Aut
566 1700 707 1762 Scylla
742 1700 915 1748 latrans
950 1701 1106 1747 infima
1142 1700 1386 1762 inguinum
1421 1704 1552 1761 parte

440 1767 550 1814 Tam
587 1774 744 1814 mente
780 1768 892 1814 dura
928 1767 1197 1829 procreauit
1231 1781 1283 1814 ac
1317 1772 1478 1824 taetra,

440 1834 499 1881 Vt
533 1835 757 1896 supplicis
791 1849 956 1882 uocem
991 1835 1040 1882 in
1077 1834 1333 1881 nouissimo
1369 1848 1478 1881 casu

379 1910 402 1948 5
442 1901 764 1964 Contemptam
798 1902 996 1950 haberes
1031 1917 1056 1948 a
1093 1901 1229 1949 nimis
1263 1902 1361 1948 fero
1398 1898 1573 1948 corde?

374 2140 443 2190 55,
474 2142 524 2182 23
553 2139 726 2180 Nullum
754 2142 1028 2180 interstitium
1058 2140 1107 2181 V.
1157 2139 1212 2188 ef.
1241 2141 1290 2179 de
1318 2142 1394 2180 hoc
1421 2138 1660 2190 fragmento
1690 2138 1747 2178 ad
1762 2138 1926 2193 &4411

243 2196 291 2236 23
323 2195 357 2234 si
387 2206 462 2244 ego
490 2193 618 2244 fingar
647 2195 836 2233 Handz'us
862 2193 878 2246 11
905 2196 954 2235 25
976 2198 1016 2233 et
1035 2195 1087 2234 24
1114 2197 1256 2245 transp
1278 2194 1487 2234 Muretus:
1512 2195 1578 2234 24.
1597 2194 1652 2234 23
1670 2193 1713 2233 V
1732 2190 1748 2245 ΙΙ
1774 2194 1825 2234 25
1853 2193 1926 2233 La-

243 2249 314 2288 das
343 2249 376 2288 si
397 2262 431 2287 ω
460 2247 476 2302 ΙΙ
503 2248 744 2300 primipesue
766 2249 810 2288 V
831 2249 917 2288 add
943 2251 989 2287 in
1016 2260 1150 2298 marg.
1181 2248 1229 2287 al'
1258 2249 1491 2299 pinnipesg·
1517 2247 1531 2299 ΙΙ
1561 2249 1612 2287 24
1640 2249 1829 2298 respeoeit
1845 2246 1927 2286 Ra-

243 2303 416 2351 tlzerz‘us,
436 2304 653 2353 episcopus
670 2305 927 2352 neronensz's,
953 2315 1074 2341 serm.
1092 2304 1120 2341 8
1133 2315 1174 2353 p.
1195 2303 1271 2342 624
1282 2302 1390 2341 Ball.
1418 2300 1507 2341 Non
1531 2301 1724 2351 angelico,
1753 2304 1797 2340 ut
1818 2299 1926 2340 Elias

244 2355 465 2408 quondam,
503 2356 742 2406 subuectus,
782 2369 859 2395 non
896 2356 1135 2407 pennigero,
1172 2359 1216 2395 ut
1252 2356 1434 2406 poeticus
1461 2353 1598 2408 (ecus)
1624 2354 1711 2403 ille,
1746 2353 1885 2394 uolatu
1913 2353 1927 2406 ΙΙ

244 2411 295 2450 26
323 2409 427 2449 thesi
455 2410 573 2449 uinee
591 2409 623 2448 0
649 2407 664 2459 ΙΙ
692 2410 820 2449 niueis
849 2409 1019 2461 citisque
1040 2409 1143 2461 bigis
1158 2409 1346 2448 Muretus
1386 2409 1504 2448 niuea
1525 2408 1683 2460 citaque
1702 2408 1792 2458 biga
1814 2408 1926 2447 Han-

244 2464 338 2502 ἀίεις
375 2461 389 2516 ΙΙ
425 2465 473 2504 27
504 2462 752 2514 plumipedes
786 2463 818 2502 G
860 2463 1109 2514 plumipedes
1140 2477 1175 2502 ω
1211 2462 1225 2514 ΙΙ
1261 2463 1393 2502 uictos
1424 2462 1480 2501 0*
1522 2467 1687 2502 cunctos
1717 2462 1926 2502 Schrader

243 2517 400 2557 uinctos
416 2531 451 2556 ω
480 2516 689 2567 Bergkz'us
714 2515 730 2569 ΙΙ
756 2519 801 2555 ut
830 2516 923 2555 mihi
945 2517 1151 2556 Maelzlius
1176 2516 1190 2565 Η
1219 2519 1269 2558 30
1289 2515 1494 2556 Deffessus
1512 2516 1543 2554 0
1570 2516 1584 2568 ΙΙ
1611 2517 1658 2556 31
1689 2517 1810 2567 ῇεοηε
1829 2514 1885 2554 0*
1913 2514 1928 2568 ΙΙ

243 2571 296 2610 32
319 2571 423 2610 Esse
456 2570 512 2609 0*
541 2571 554 2621 Η
581 2570 633 2609 mi
664 2584 699 2609 ω
726 2568 741 2621 ΙΙ
768 2570 940 2622 amiceq2
969 2570 1123 2610 ritando
1157 2570 1211 2608 0*

376 2623 434 2667 59
463 2625 740 2663 latera-titium
763 2625 926 2663 nullum
949 2627 994 2662 in
1016 2625 1064 2673 V,
1093 2624 1178 2662 add
1201 2626 1247 2662 in
1266 2634 1400 2672 marg.
1416 2621 1458 2661 In
1474 2620 1619 2661 Rufum
1632 2633 1677 2672 g,
1707 2622 1834 2661 simul
1845 2634 1886 2662 u.
1902 2622 1924 2662 4

239 2679 565 2728 paragraphum
581 2689 843 2729 praeponens
872 2677 885 2729 Η
914 2680 932 2717 1
955 2678 1040 2717 rusa
1061 2677 1193 2717 rusum
1210 2677 1248 2716 V
1273 2676 1358 2716 rusa
1379 2675 1553 2715 rusulum
1570 2676 1753 2715 Pleitner
1780 2675 1925 2716 Rufum

247 2730 346 2770 edax
374 2731 644 2781 Rossbergius
684 2730 830 2770 Rufum
859 2742 982 2782 egens
1017 2731 1296 2782 IVestplzalius
1322 2729 1336 2781 ΙΙ
1363 2728 1476 2768 fellat
1507 2729 1538 2767 O
1566 2728 1709 2777 [Laur.
1737 2730 1807 2781 55,
1834 2729 1922 2778 421:

246 2783 361 2824 sallat
391 2784 423 2823 G
453 2788 508 2833 [et
535 2787 676 2834 cetere]
704 2785 717 2835 ΙΙ
746 2787 768 2824 5
797 2784 873 2823 Ab.
902 2785 1091 2824 semiraso
1125 2784 1158 2823 G
1198 2783 1306 2823 Abse
1334 2783 1478 2821 miraso
1511 2783 1541 2820 0

378 2838 437 2880 60
464 2838 639 2878 Nullum
657 2841 931 2877 interstitium
948 2838 997 2878 V.
1047 2833 1345 2888 ‘fragmentum
1361 2838 1503 2887 potius
1523 2848 1648 2886 quam
1667 2837 1925 2887 epigramma

246 2888 479 2941 integrum'
503 2892 693 2931 Muretus
717 2890 732 2944 ΙΙ
765 2894 783 2932 1
806 2891 999 2931 lihissinis
1022 2892 1053 2930 0
1094 2891 1264 2930 libisinis
1284 2890 1327 2938 G,
1357 2902 1454 2929 corr
1468 2889 1662 2940 Scaliger
1686 2890 1700 2941 ΙΙ
1730 2891 1754 2929 2
1783 2889 1872 2929 silla
1891 2889 1936 2930 V

290 2946 312 2983 3
341 2948 514 2984 mentem
534 2946 590 2984 0*
616 2945 631 2998 ΙΙ
660 2948 760 2985 tetra
779 2945 817 2985 V
843 2947 857 2997 ΙΙ
885 2947 909 2984 4
938 2947 1082 2997 supp(p
1102 2945 1250 2995 omens
1270 2943 1315 2983 V
1317 2943 1406 2992 [A],
1433 2943 1530 2982 inde
1547 2941 1652 2990 feeit
1669 2942 1877 2993 suppliciis
1894 2954 1928 2992 g

245 2986 261 3038 ll
291 3001 313 3038 5
345 2998 580 3039 Contentam
620 2999 664 3039 V
665 2999 755 3049 [D]‚
791 2999 903 3037 unde
939 2997 1134 3045 fecerunt
1168 3001 1395 3049 conteptam
1437 2996 1507 3045 G¹‚
1547 2999 1800 3048 contenptam
1837 2995 1887 3035 0¹
1913 2995 1927 3048 ΙΙ

249 3052 390 3092 animis
422 3052 470 3092 V.
514 3052 577 3098 In,
594 3053 625 3091 Ο
650 3056 747 3104 post
774 3054 855 3091 u.5
883 3054 929 3091 in
956 3053 1040 3101 fine
1057 3051 1156 3099 folii
1181 3052 1251 3091 44²⁴
1281 3052 1462 3102 quinque
1491 3051 1623 3090 lineae
1641 3062 1804 3090 uacuae
1829 3053 1929 3089 sunt

249 3107 420 3146 relictae
447 3109 497 3144 vt
524 3119 690 3145 carmen
719 3118 892 3157 sequens
920 3120 945 3146 a
973 3119 1084 3145 nouo
1113 3104 1219 3152 folio
1246 3106 1453 3155 inciperet
