2040 3372
199 97 263 142 '74
911 101 976 149 66,
1006 98 1164 138 27—52

399 232 535 279 Anne
570 232 747 279 bonum
785 230 926 278 oblita
962 246 1012 279 es
1045 232 1241 290 facinus,
1278 246 1368 293 quo
1404 233 1586 293 regium
1623 233 1829 296 adepta’s

473 298 765 360 Coniugium,
802 313 893 359 quo
929 313 1026 345 non
1061 299 1226 347 fortius
1258 299 1375 346 ausit
1408 298 1524 346 alis?

400 365 491 412 Sed
525 371 622 412 tum
657 370 829 412 maesta
864 364 1019 412 uirum
1054 365 1243 412 mittens
1280 380 1398 426 quae
1433 365 1578 413 uerba
1619 365 1774 414 locuta
1809 366 1885 414 esl

319 439 363 478 30
475 432 699 493 Iuppiter,
734 438 787 478 ut
821 431 943 478 tristi
977 431 1154 478 lumina
1188 446 1326 493 saepe
1361 433 1529 479 manui

400 498 515 553 Quis
549 505 596 544 te
630 498 828 545 mutauit
862 503 1021 544 tantus
1056 496 1205 545 deus?
1241 513 1300 545 an
1338 499 1462 560 quod
1498 505 1706 546 amantes

470 566 573 612 Non
610 565 749 626 longe
786 579 812 610 a
848 578 953 610 caro
991 579 1190 626 corpore
1225 565 1387 613 abesse
1423 563 1624 613 uolunt?

397 630 550 692 Atque
586 631 650 677 ibi
684 645 755 678 me
790 630 972 678 cunctis
1005 646 1092 692 pro
1130 631 1252 678 dulci
1290 632 1490 694 coniuge
1526 632 1645 679 diuis

470 698 574 745 Non
612 698 713 745 sine
748 697 935 744 taurino
971 698 1200 758 sanguine
1235 698 1438 759 pollicita
1476 713 1540 756 es,

317 771 362 809 35
399 763 479 811 Sei
509 764 709 811 reditum
743 764 984 811 tetulisset.
1054 765 1093 810 is
1127 764 1235 811 haut
1268 765 1315 811 in
1353 770 1564 826 tempore
1598 765 1740 826 longo

470 830 658 892 Captam
695 831 847 877 Asiam
881 830 1077 892 Aegypti
1113 830 1285 877 finibus
1318 831 1567 878 addiderat.

398 896 513 951 Quis
548 912 634 958 ego
670 912 757 959 pro
794 897 927 944 sactis
963 897 1148 944 caelesti
1182 897 1359 943 reddita
1395 904 1533 944 coetu

468 963 669 1010 Pristina
704 970 813 1011 uota
851 979 977 1011 nouo
1013 978 1209 1010 munere
1245 963 1465 1011 dissoluo.

395 1029 562 1088 Inuita,
599 1046 626 1076 o
662 1031 839 1092 regina,
874 1037 956 1077 tuo
993 1031 1049 1077 de
1086 1030 1263 1077 uertice
1299 1031 1431 1089 cessi,

315 1104 360 1142 40
468 1097 640 1143 Inuita:
677 1098 839 1144 adiuro
874 1103 1014 1158 teque
1049 1103 1277 1158 tuumque
1313 1103 1466 1158 caput,

394 1163 542 1224 Digna
578 1165 696 1211 ferat
731 1163 855 1225 quod
894 1164 1039 1225 siquis
1080 1163 1282 1210 inaniter
1315 1165 1564 1210 adiurarit:

468 1230 559 1276 Sed
597 1230 677 1291 qui
712 1246 762 1278 se
798 1231 923 1278 ferro
961 1230 1166 1292 postulet
1200 1244 1301 1277 esse
1335 1228 1531 1292 parem?

395 1295 476 1343 Ille
513 1311 702 1358 quoque
739 1312 930 1344 euersus
964 1311 1100 1343 mons
1135 1303 1205 1344 est
1240 1311 1380 1357 quem
1416 1296 1665 1344 maximum
1706 1297 1754 1344 in
1793 1298 1887 1346 oris

469 1364 724 1424 Progenies
763 1363 897 1410 Thiae
933 1364 1055 1411 clara
1089 1363 1434 1425 superuehitur‚

318 1436 366 1475 45
400 1429 513 1476 Cum
551 1429 672 1477 Medi
708 1445 928 1492 peperere
965 1444 1144 1477 nouum
1178 1444 1322 1488 mare,
1361 1445 1562 1491 cumque
1596 1430 1819 1478 iuuentus

468 1497 559 1543 Per
591 1497 793 1543 medium
832 1497 965 1544 classi
999 1496 1193 1543 barbara
1230 1497 1362 1543 nauit
1395 1497 1565 1543 Athon.

397 1562 518 1617 Quid
553 1564 726 1610 facient
760 1564 927 1620 crines,
965 1578 1068 1610 cum
1106 1564 1229 1610 ferro
1265 1563 1369 1609 talia
1405 1560 1606 1610 cedant?

469 1630 694 1692 Iuppiter,
730 1638 782 1676 ut
818 1630 1047 1692 Chalybon
1083 1644 1222 1676 omne
1259 1645 1409 1691 genus
1443 1637 1616 1691 pereat,

394 1694 455 1741 Et
491 1697 570 1757 qui
605 1697 838 1758 principio
873 1696 960 1744 sub
996 1703 1119 1743 terra
1154 1711 1379 1757 quaerere
1419 1710 1566 1743 uenas

316 1769 361 1807 50
469 1763 642 1810 Institit
677 1778 730 1810 ac
765 1764 877 1810 ferri
912 1763 1141 1823 stringere
1177 1762 1419 1809 duritiem!

396 1829 653 1876 Abiunctae
688 1830 827 1892 paulo
863 1836 971 1876 ante
1009 1844 1168 1876 comae
1202 1844 1303 1876 mea
1339 1831 1430 1876 fata
1466 1843 1651 1876 sorores

469 1896 729 1958 Lugebant‚
767 1911 874 1943 cum
910 1911 958 1944 se
994 1896 1257 1943 Memnonis
1291 1896 1531 1958 Aethiopis

330 2029 379 2068 27
420 2039 539 2078 quam
570 2027 615 2067 V
633 2026 648 2079 11
677 2027 854 2079 adepta’s
884 2029 1202 2067 Lachmannus:
1227 2027 1398 2078 adeptus
1434 2027 1467 2067 G
1495 2027 1664 2079 adeptos
1694 2027 1751 2066 0*
1784 2027 1801 2080 ΙΙ
1835 2028 1886 2068 28

199 2080 308 2134 quod
335 2093 415 2120 non
444 2081 563 2131 sort(c
594 2081 704 2130 0)i0r
731 2083 801 2119 aut
838 2081 890 2120 sit
919 2081 994 2120 alis
1024 2081 1069 2120 V
1099 2081 1242 2120 fortius
1271 2082 1462 2120 Muretus
1499 2080 1607 2133 quod
1635 2093 1716 2120 non
1745 2080 1888 2121 fortior

199 2134 307 2174 ausit
335 2134 408 2173 alis
436 2148 472 2172 ω
499 2134 514 2187 ΙΙ
544 2135 593 2173 29
623 2134 794 2179 cumO*
820 2132 835 2185 ΙΙ
863 2136 913 2174 30
933 2134 1083 2184 Iupiter
1105 2134 1137 2173 G
1162 2134 1176 2185 ΙΙ
1207 2136 1250 2174 31
1286 2137 1441 2174 tantum
1464 2134 1675 2173 Schrader
1703 2135 1887 2174 tantum?

198 2188 298 2227 deus
318 2188 396 2226 alii
413 2186 427 2240 ΙΙ
446 2189 497 2227 32
517 2187 657 2226 adesse
681 2187 740 2226 G*
757 2186 772 2238 ΙΙ
799 2200 856 2225 cm
884 2187 1050 2227 ualent?
1075 2189 1091 2240 ΙΙ
1118 2189 1168 2227 33
1190 2199 1253 2227 me
1284 2187 1468 2227 Colotius
1495 2191 1537 2226 et
1562 2188 1786 2226 Per-retus.-
1813 2199 1886 2239 pro

203 2243 249 2282 V
257 2241 273 2293 ΙΙ
290 2241 423 2280 cuntis
441 2241 474 2279 G
500 2239 515 2293 ΙΙ
540 2242 594 2280 34
620 2240 778 2279 taurino
808 2253 874 2279 om
907 2240 962 2279 0*
993 2241 1008 2291 ΙΙ
1035 2242 1084 2280 35
1116 2240 1182 2280 Sei
1211 2244 1438 2280 reuocauit
1468 2239 1549 2280 Sed
1578 2243 1683 2290 (sscr
1710 2241 1760 2279 al’
1789 2240 1887 2291 sig)

202 2295 273 2335 V*
302 2293 360 2342 [Si
390 2296 531 2342 ceteri]
559 2292 575 2346 ΙΙ
600 2293 799 2333 redditum
823 2294 881 2332 0*
908 2293 923 2347 ΙΙ
951 2297 990 2333 te
1019 2294 1182 2334 tulisset
1210 2294 1251 2334 V
1275 2293 1291 2345 ΙΙ
1317 2298 1387 2334 aut
1417 2294 1462 2335 V
1480 2293 1496 2345 ΙΙ
1524 2297 1572 2335 37
1603 2296 1650 2332 in
1678 2293 1819 2334 celesti
1847 2297 1890 2332 et

199 2350 291 2387 cetu
312 2348 375 2385 bis
405 2359 426 2400 e
448 2360 531 2398 pro
552 2359 573 2386 e
598 2359 631 2397 g
658 2349 674 2395 ΙΙ
702 2349 751 2388 38
782 2346 939 2387 disoluo
963 2348 995 2386 O
1021 2346 1036 2400 ΙΙ
1063 2351 1113 2388 40
1145 2347 1275 2400 capud
1299 2348 1343 2388 0.
1374 2347 1430 2395 cf.
1452 2347 1614 2388 Gallim.
1633 2346 1791 2398 fragm.
1810 2345 1886 2387 55⁶

195 2398 278 2449 σήν
303 2414 352 2439 τε
380 2398 516 2454 καρὴν
544 2397 694 2452 ὤμοσα
723 2397 802 2440 σόν
828 2415 876 2440 τε
907 2404 1007 2453 βίον
1048 2399 1063 2453 ΙΙ
1101 2403 1147 2441 41
1182 2401 1304 2453 quod]
1345 2413 1423 2453 que
1456 2401 1512 2440 0*
1540 2399 1554 2454 ΙΙ
1581 2400 1782 2441 adiuraret
1809 2399 1855 2440 V
1873 2400 1889 2452 ΙΙ

195 2456 249 2494 42
279 2453 368 2505 quis
404 2454 571 2493 Statius
615 2453 630 2505 ΙΙ
673 2456 725 2494 43
756 2456 834 2506 que
866 2454 923 2493 G.-
961 2452 1079 2507 FJ(=
1108 2457 1226 2506 quae)
1259 2455 1299 2493 0>
1334 2453 1350 2506 ΙΙ
1395 2455 1610 2494 maximum
1648 2454 1887 2494 Guarinus.-

194 2508 366 2547 maxima
397 2506 441 2547 V
470 2509 485 2560 ss
519 2507 558 2546 in
590 2507 687 2546 orbe
716 2521 751 2545 ω
790 2506 806 2559 ΙΙ
837 2509 891 2547 44
919 2507 1044 2547 Thiae
1074 2508 1265 2548 Vossius:
1295 2507 1411 2560 phi(y
1441 2507 1545 2558 G)tie
1575 2508 1621 2548 V
1645 2506 1660 2558 ΙΙ
1701 2509 1753 2547 45
1782 2506 1887 2546 Tum

198 2562 245 2601 V
246 2560 282 2611 *,
310 2560 410 2599 inde
437 2560 532 2600 Cum
562 2559 669 2607 fecit
692 2572 725 2610 g
753 2560 863 2610 [Cum
895 2563 1036 2609 ceteri]
1064 2559 1077 2613 ΙΙ
1106 2573 1296 2613 peperere
1326 2575 1383 2601 w:
1413 2572 1582 2613 propere
1612 2561 1658 2601 V
1675 2572 1819 2612 rupere
1848 2574 1885 2599 ω

195 2613 389 2666 pepulere
417 2613 580 2654 Statius
608 2613 746 2654 fodere
772 2614 984 2664 Bergkius
1010 2613 1024 2664 ΙΙ
1054 2627 1225 2666 cumque
1250 2615 1303 2653 O:
1332 2618 1454 2666 atque
1477 2614 1511 2653 G
1540 2616 1675 2665 [atque
1701 2614 1806 2662 (sscr
1833 2613 1884 2653 al.

197 2668 384 2718 cumque)
412 2668 461 2716 B]
490 2666 506 2719 ΙΙ
533 2670 583 2708 47
615 2667 763 2706 faciant
792 2682 827 2706 ω
855 2667 869 2718 ΙΙ
896 2670 947 2708 48
976 2668 1126 2718 Iupiter
1157 2668 1190 2707 G
1218 2667 1231 2720 ΙΙ
1266 2668 1474 2720 Chalybon
1504 2668 1740 2706 Politianus
1768 2666 1886 2716 (Cha-

193 2720 336 2771 lybum
373 2721 488 2771 alii).·
527 2721 689 2760 celitum
732 2720 765 2759 G
800 2720 971 2760 celerum
1006 2721 1063 2760 0*
1099 2720 1334 2761 Telchinum
1377 2720 1615 2769 lVitlzofius.
1672 2718 1727 2767 cfi
1760 2720 1885 2760 Calli-

194 2774 333 2811 machi
366 2772 522 2823 fragm.
549 2775 623 2813 55⁰
662 2771 881 2825 Χαλύβων
909 2770 966 2814 αἱς
995 2771 1199 2814 ἀπόλοιτο
1233 2777 1364 2829 γένος,
1395 2771 1581 2813 Γειόθεν
1621 2770 1885 2813 ἀντέλλοντα

193 2822 326 2865 κακὸν
345 2825 479 2878 φυτὸν
498 2826 543 2866 οἴ
555 2842 633 2878 μιν
651 2829 819 2879 ἔφηναν
836 2827 851 2876 Η
872 2830 923 2867 49
944 2829 1086 2879 queste
1118 2829 1150 2867 0
1176 2829 1190 2882 ss
1217 2830 1357 2877 uenas]
1387 2829 1549 2866 litteras
1575 2839 1627 2867 ue
1654 2829 1826 2879 scripsit
1837 2838 1883 2876 g,

194 2879 297 2929 quid
317 2879 369 2918 G²
387 2882 608 2929 scripserit
626 2883 833 2919 incertum
849 2886 907 2919 est
918 2880 934 2932 ΙΙ
954 2885 1002 2922 50
1024 2882 1117 2921 ferri
1137 2881 1333 2931 stringere
1348 2881 1550 2931 Heysius:
1572 2880 1686 2920 serris
1709 2880 1882 2930 fringere

196 2931 231 2971 G
261 2932 467 2979 [ABCLA
499 2934 631 2975 Laur.
659 2934 730 2984 55,
758 2934 824 2982 42]
867 2934 980 2974 serris
1015 2934 1167 2985 fingere
1199 2934 1255 2973 0*
1293 2934 1421 2983 [serris
1457 2933 1639 2984 frangere
1676 2934 1752 2972 ΗΡ
1788 2933 1879 2972 ferri

192 2984 374 3035 frangere
402 2986 442 3024 D
469 2985 584 3026 Βίου.
611 2989 699 3037 606,
731 2988 830 3026 olim
858 2988 1003 3037 uulgo]
1040 2988 1131 3027 ferri
1167 2987 1318 3037 fingere
1347 3001 1382 3025 ω
1415 2987 1585 3027 Vossius
1622 2987 1713 3026 ferri
1742 2985 1882 3025 infrin-

193 3049 286 3088 gere
314 3038 543 3078 Santem‘us
569 3039 586 3092 [1
612 3040 802 3080 duriciem
833 3040 872 3081 V
895 3040 911 3092 ss
940 3044 984 3081 51
1019 3041 1122 3081 sacta
1146 3041 1203 3080 O*
1229 3041 1245 3092 ΙΙ
1272 3042 1322 3080 52
1352 3040 1534 3080 menonis
1558 3040 1613 3078 0.·
1641 3040 1823 3080 menonis
1847 3039 1880 3079 G
