2040 3372
790 112 854 159 35,
887 112 1053 160 14-36,
1084 112 1132 150 20
1732 111 1792 155 25

324 245 536 306 Dindymi
573 245 820 301 dominam,
858 259 912 290 ex
949 259 1002 290 eo
1040 244 1239 291 misellae

248 318 291 357 15
326 311 461 371 Ignes
496 310 763 357 interiorem
804 310 946 357 edunt
981 310 1239 358 medullam.

324 377 518 438 Ignosco
555 376 650 433 tihi,
687 376 898 439 sapphica
934 377 1082 437 puella

324 443 450 490 Musa
485 443 686 490 doctior:
725 449 792 490 est
827 436 950 488 en‘im
987 450 1180 490 uenuste

326 509 487 569 Magna
525 509 715 556 Caecilio
753 509 965 555 incohata
1003 517 1160 556 mater.

125 652 192 705 36
325 653 534 703 Annales
570 655 741 712 Volusi,
779 663 927 702 cacata
966 664 1103 710 carta,

327 721 491 768 Votum
526 722 689 769 soluite
724 736 809 783 pro
845 736 946 768 mea
982 722 1146 783 puella.

325 787 437 834 Nam
473 796 656 835 sanctae
694 788 859 835 Veneri
897 788 1201 849 Cupidinique

327 854 476 911 Vouit‚
511 855 549 901 si
584 855 668 902 sibi
705 855 944 902 restitutus
979 869 1126 901 essem

269 928 291 966 5
326 921 643 982 Desissemque
676 928 830 968 truces
865 922 1048 968 uibrare
1084 921 1272 978 iambos,

328 987 609 1034 Electissima
644 988 827 1048 pessimi
853 995 1024 1048 poetae

328 1054 507 1114 Scripta
541 1054 762 1114 tardipedi
797 1053 882 1099 deo
920 1053 1122 1099 daturam

328 1119 591 1167 Infelicibus
627 1119 852 1166 ustilanda
886 1119 1037 1180 lignis.

326 1185 385 1232 Et
418 1186 506 1232 hoc
542 1185 740 1247 pessima
776 1201 824 1232 se
858 1186 1011 1246 puella
1045 1185 1160 1231 uidit

252 1257 295 1297 10
330 1251 488 1299 Iocose
523 1251 672 1314 lepide
709 1267 882 1299 uouere
917 1251 1047 1299 diuis.

327 1318 476 1377 Nunc,
513 1334 539 1365 o
577 1318 785 1366 caeruleo
822 1328 971 1366 creata
1006 1325 1165 1379 ponto,

329 1385 456 1439 Quae
491 1392 699 1432 sanctum
734 1385 925 1431 Idalium
961 1384 1184 1445 Vriosque
1220 1389 1402 1445 apertos

330 1451 550 1513 Quaeque
584 1452 775 1498 Ancona
816 1451 1103 1512 Cnidumque
1139 1449 1498 1497 harundinosam

332 1517 452 1566 Colis
487 1532 687 1581 quaeque
723 1518 999 1564 Amathunta
1037 1532 1243 1578 quaeque
1283 1515 1445 1577 Golyos

253 1592 296 1631 15
331 1584 550 1646 Quaeque
587 1584 891 1631 Durrachium
931 1584 1123 1631 Hadriae
1157 1583 1411 1639 tabernam,

331 1654 580 1712 Acceptum
618 1653 715 1698 face
750 1651 1071 1711 redditumque
1108 1658 1282 1706 uotum,

333 1718 380 1764 Si
415 1732 510 1764 non
547 1717 782 1778 illepidum
818 1731 970 1778 neque
1007 1717 1305 1763 inuenustum
1343 1721 1424 1762 est.

332 1784 389 1830 At
422 1798 507 1831 uos
542 1784 715 1830 interea
751 1783 906 1830 uenite
941 1783 988 1829 in
1025 1783 1194 1843 ignem,

334 1850 463 1897 Pleni
498 1850 619 1897 ruris
654 1857 699 1896 et
734 1850 1036 1896 inficetiarum

256 1924 299 1963 20
334 1916 537 1963 Annales
572 1916 741 1971 Volusi,
779 1925 929 1963 cacata
966 1923 1103 1962 carta.

275 2088 323 2126 14
350 2085 519 2126 Dindimi
549 2086 588 2126 V
612 2084 627 2137 ΙΙ
658 2088 705 2126 16
735 2086 895 2138 saphica
921 2086 951 2124 O
979 2085 1155 2138 saphyca
1180 2084 1236 2124 G*
1265 2083 1278 2136 ΙΙ
1311 2086 1356 2124 17
1388 2082 1524 2123 docior
1546 2084 1602 2122 0*
1631 2086 1644 2136 Η
1676 2085 1722 2124 18
1753 2096 1816 2124 ce-

138 2138 228 2179 cilia
260 2139 303 2179 V
322 2138 335 2190 ΙΙ
361 2139 547 2179 incohata
579 2139 701 2188 0[D]:
730 2138 915 2179 inchoata
947 2139 980 2178 G

268 2190 326 2234 36
354 2193 628 2232 [interstitium
656 2193 816 2232 nullum
835 2194 881 2232 V.
925 2192 985 2231 Ad
1004 2191 1082 2232 lusi
1109 2194 1286 2232 cacatam
1309 2192 1354 2229 in
1381 2202 1558 2240 marg.g
1578 2190 1700 2239 [idem
1725 2188 1815 2236 fere

139 2245 285 2285 titulus
312 2247 358 2285 in
373 2245 626 2294 ABCHLAJ.
684 2247 762 2285 hoc
790 2258 957 2285 carmen
984 2247 1170 2296 respexit
1185 2244 1339 2284 Seneca
1357 2243 1519 2295 epistul.
1536 2244 1596 2292 45,
1614 2245 1635 2282 1
1654 2244 1749 2294 (95),
1765 2243 1809 2282 M

137 2297 372 2353 (Metronax)
399 2311 479 2339 non
509 2304 588 2338 tam
618 2298 753 2339 multis
781 2299 881 2338 uixit
909 2299 1024 2338 annis
1063 2310 1180 2350 quam
1210 2298 1352 2348 potuit.
1409 2300 1449 2336 et
1482 2308 1698 2347 paucorum
1727 2308 1813 2336 uer-

137 2364 253 2392 suum
281 2352 382 2392 liber
411 2356 472 2392 est
501 2355 540 2392 et
570 2351 728 2404 quidem
757 2352 978 2392 laudandus
1017 2354 1136 2404 atque
1173 2351 1293 2392 utilis.
1350 2349 1513 2389 annales
1542 2348 1707 2389 Tanusii
1736 2350 1814 2389 scis

140 2416 258 2458 quain
286 2404 500 2457 ponderosi
529 2405 609 2445 sint
637 2408 677 2444 et
706 2404 799 2457 quid
828 2409 1033 2445 nocentur.
1089 2406 1163 2445 hoc
1199 2407 1260 2444 est
1297 2404 1379 2444 uita
1419 2402 1664 2454 quorundam
1693 2403 1813 2452 longa

140 2462 180 2498 et
209 2458 314 2510 quod
344 2457 505 2498 Tanusii
535 2458 713 2510 sequitur
740 2458 904 2498 annales
938 2457 955 2509 fl
993 2460 1010 2498 1
1044 2457 1197 2498 Anuale
1225 2456 1421 2505 (Annuale
1454 2456 1500 2506 G)
1529 2467 1601 2495 suo
1630 2455 1706 2495 lusi
1740 2456 1785 2495 V
1804 2453 1819 2507 ΙΙ

141 2514 163 2552 5
193 2511 479 2563 Dedissemque
500 2511 545 2551 V
564 2510 578 2564 ΙΙ
605 2511 762 2551 uibrare
791 2513 851 2561 (in
879 2524 897 2550 r
921 2514 1154 2562 posteriore
1181 2514 1240 2550 est
1257 2522 1422 2560 rasura,
1451 2513 1574 2548 antea
1595 2508 1726 2556 fuisse
1753 2511 1818 2547 uz·-

141 2565 264 2604 detur
290 2565 320 2616 t)
353 2564 385 2604 G
422 2565 437 2619 ss
474 2566 497 2604 6
527 2563 578 2604 Se
607 2564 843 2604 electissima
874 2565 1078 2604 Maehlius
1116 2564 1167 2604 Se
1195 2563 1413 2604 lectissima
1434 2564 1580 2613 Peiper
1607 2562 1621 2613 ΙΙ
1655 2563 1676 2603 8
1706 2566 1816 2601 ustu-

141 2616 259 2658 landa
279 2631 314 2656 ω
340 2617 357 2671 ΙΙ
385 2620 408 2659 9
438 2618 535 2658 haec
556 2632 591 2657 ω
618 2620 631 2667 ΙΙ
661 2618 833 2668 pessima
863 2630 926 2657 me
955 2617 1086 2669 puella
1115 2617 1216 2658 uidit
1243 2617 1333 2657 Ioco
1364 2627 1407 2656 se
1427 2615 1559 2667 lepido
1579 2616 1815 2666 Burs-ianus

140 2670 231 2710 loco
260 2682 302 2711 se
330 2670 466 2723 lepido
494 2674 579 2711 iam
609 2671 798 2721 Scaliger
825 2670 838 2723 ΙΙ
870 2673 916 2711 10
946 2683 988 2710 se
1018 2671 1119 2711 diuis
1152 2672 1197 2712 V
1214 2671 1228 2723 ΙΙ
1259 2673 1303 2711 11
1335 2682 1358 2709 o
1388 2681 1453 2708 om
1477 2669 1532 2708 0*
1558 2667 1572 2720 ss
1599 2672 1726 2719 punto
1758 2667 1816 2707 G*

141 2726 290 2775 poncto
321 2723 377 2763 0*
403 2723 416 2777 ΙΙ
449 2726 497 2764 12
527 2723 698 2764 adalium
721 2724 765 2764 V
785 2737 873 2763 sser
901 2723 949 2763 al’
977 2723 1153 2776 ydalium
1179 2737 1211 2775 g
1240 2723 1293 2772 [id
1322 2723 1443 2762 alium
1462 2722 1600 2771 BDA]
1628 2720 1817 2772 ss‘utrios-

143 2788 221 2828 que
244 2776 346 2826 G[D]
374 2789 461 2816 seer
480 2777 527 2816 al’
548 2779 735 2828 vriosque
751 2790 784 2828 g
811 2777 825 2828 ΙΙ
851 2776 1048 2828 Vriosque
1075 2781 1214 2830 portus
1240 2778 1430 2815 Heinsius
1474 2774 1675 2827 Surosque
1705 2786 1817 2826 aper-

141 2834 205 2870 tos
227 2830 398 2870 Vossius
423 2829 438 2882 ΙΙ
468 2832 515 2871 13
546 2830 789 2882 gnidumque
812 2831 857 2871 V
876 2830 891 2884 ΙΙ
918 2829 1194 2871 arundinosam
1218 2831 1248 2869 O
1276 2830 1289 2882 ΙΙ
1319 2831 1368 2869 14
1397 2829 1549 2881 Οοὶἰεᾳε
1585 2828 1814 2868 amathunta

146 2883 393 2933 (amathunta
417 2883 486 2934 O*)
516 2896 638 2936 queqs
668 2885 727 2936 (qa
751 2884 796 2933 0)
826 2884 934 2923 aleos
956 2883 994 2923 V
1019 2883 1032 2936 ΙΙ
1063 2886 1108 2924 15
1140 2883 1367 2923 durachium
1390 2882 1434 2921 V
1453 2881 1468 2936 Ι]
1498 2884 1545 2923 18
1573 2882 1723 2923 intereo
1758 2881 1814 2920 0*

145 2935 159 2987 ΙΙ
189 2938 235 2977 19
266 2936 363 2976 turis
393 2939 432 2977 et
459 2936 728 2977 inficeciarum
759 2937 803 2977 V
822 2936 836 2988 11
866 2938 913 2977 20
945 2935 1096 2977 Anuale
1124 2936 1320 2986 (Annuale
1353 2935 1399 2985 G)
1428 2946 1501 2975 suo
1529 2935 1606 2976 lusi
1635 2935 1751 2984 (lusio
1783 2933 1814 2972 0

140 2991 274 3052 prives,
297 2991 567 3093 P⁰⁸tffapfnd⁶
593 2990 696 3030 lusi:
724 2990 918 3030 uoluerat
942 2992 1061 3040 prius
1088 2990 1303 3030 lusicacata
1334 2991 1379 3028 in
1406 3001 1537 3028 unum
1565 2987 1816 3029 uocabulum

146 3054 395 3092 coniungere
