2040 3372
484 432 829 492 OATVLLI
881 430 1383 491 VERONENSIS

840 552 1031 599 LIBER.

96 683 130 737 1
300 683 418 751 Quoi
453 686 574 732 dono
611 685 812 746 lepidum
848 698 1022 731 nouum
1059 683 1263 730 libellum

262 760 265 762 “
300 752 438 798 Arido
474 752 607 798 modo
644 751 826 812 pumice
862 748 1145 812 expolitum?

235 883 459 933 Inscriptio
490 882 587 921 libri
615 885 655 920 et
682 883 881 920 carminis
908 882 951 922 1:
983 881 1126 920 Catulli
1150 879 1387 919 Veronensis
1415 879 1515 919 liber
1539 879 1691 929 Incipit.
1724 879 1773 919 ad

97 935 326 975 Cornelium
355 937 497 986 (uerba
525 935 575 974 ad
604 934 827 974 Cornelium
857 934 940 973 add
958 935 1004 983 g)
1029 933 1061 972 G
1091 934 1170 973 litt.
1191 935 1305 972 rubr.
1335 932 1513 972 Catullus
1532 931 1775 973 Veronensis

100 991 222 1040 poeta
251 1001 399 1028 manus
426 989 636 1027 recentior
666 987 815 1026 litteris
842 988 982 1036 nigris
1011 990 1051 1024 et
1077 987 1307 1024 minoribus
1334 987 1379 1024 in
1407 998 1564 1024 summo
1583 988 1775 1035 margine

103 1042 328 1092 adscripsit
353 1046 398 1080 in
421 1042 452 1080 0
482 1041 639 1092 [Catulli
661 1039 902 1079 Veronensis
931 1043 1075 1090 poetae
1105 1039 1205 1078 liber
1230 1038 1369 1088 incipit
1387 1039 1461 1077 AL
1491 1038 1634 1077 Catulli
1654 1038 1777 1078 Vero—

101 1095 238 1135 nensis
265 1094 366 1134 liber
403 1094 543 1145 incipit
571 1093 618 1132 ad
650 1093 873 1132 Cornelium
894 1093 930 1131 B
958 1092 1100 1131 Catulli
1130 1091 1370 1131 Veronensis
1400 1091 1447 1131 ad
1479 1091 1702 1131 Cornelium
1731 1092 1777 1130 A

95 1147 248 1187 ‘Catulli
276 1147 509 1187 ueronensis
537 1149 680 1197 poetae
707 1146 874 1185 illustris
903 1145 1042 1196 incipit
1063 1145 1232 1184 feliciter
1261 1144 1311 1183 ad
1330 1144 1546 1184 cornelium
1567 1146 1610 1183 H
1633 1145 1777 1184 Catulli

102 1200 344 1240 Veronensis
369 1203 487 1251 poete
507 1199 671 1239 illustris
689 1199 751 1238 Ad
779 1198 996 1238 cornelium
1022 1198 1124 1237 liber
1143 1197 1282 1248 incipit
1302 1199 1337 1236 P
1360 1196 1404 1243 Q.
1427 1197 1556 1236 Catuli
1578 1197 1778 1237 Veronen-

97 1254 160 1294 sis
188 1253 289 1293 liber
316 1253 456 1304 incipit
483 1252 532 1292 ad
561 1252 786 1292 Cornelium
815 1252 828 1291 I
856 1252 894 1290 D
937 1250 980 1297 Q.
1012 1250 1142 1290 Valeri
1173 1250 1315 1289 Catulli
1343 1262 1552 1290 ueronens.
1584 1250 1634 1290 ad
1663 1251 1778 1291 Corn.

102 1306 300 1358 Nepotem
320 1306 420 1346 liber
441 1318 557 1345 carm.
578 1306 593 1345 l
615 1305 663 1353 C]
690 1305 704 1357 ΙΙ
734 1308 751 1345 1
775 1300 858 1344 ‘Cui
879 1327 924 1354 ÷
942 1299 1140 1344 libellum’
1164 1303 1404 1343 Veronensis
1434 1304 1488 1342 ait
1513 1307 1630 1353 poeta
1653 1316 1779 1356 quon—

103 1359 195 1400 dam
214 1359 427 1398 Ausonius
444 1360 550 1410 25,4
578 1372 618 1410 p.
634 1359 710 1399 420
726 1358 834 1407 Seli,
862 1357 960 1397 illud
990 1357 1246 1397 catullianum
1270 1354 1358 1396 ‘Cui
1374 1352 1639 1396 —libellum'
1671 1357 1780 1396 idem

101 1414 168 1463 26,
184 1413 205 1452 4
225 1425 266 1464 p.
281 1412 356 1453 427
382 1413 396 1464 ΙΙ
425 1415 460 1452 1.
482 1414 505 1452 2
526 1411 751 1452 circumcidi
780 1411 904 1451 libros
924 1409 1084 1450 Siciliae
1105 1410 1273 1461 primum
1292 1410 1498 1450 increbuit.
1541 1422 1632 1450 nam
1651 1410 1777 1462 primo

103 1466 421 1517 pumicabantur.
477 1465 580 1505 unde
619 1467 658 1504 et
694 1464 871 1504 Catullus
908 1465 963 1503 ait
988 1460 1075 1504 ‘Cui
1104 1486 1156 1491 —
1184 1459 1418 1514 expolitum'
1451 1463 1636 1502 Isidorus
1671 1465 1779 1514 orig.

101 1521 139 1569 6,
155 1519 222 1570 42,
236 1520 277 1562 5.
321 1518 444 1558 Siculi
465 1518 588 1558 libros
613 1518 727 1568 primi
749 1516 1028 1557 circumcidere
1049 1519 1276 1568 coeperunt,
1305 1528 1394 1556 cum
1415 1519 1507 1556 ante
1535 1516 1782 1568 pumicaren-

105 1574 183 1622 tur,
212 1572 260 1612 de
290 1583 368 1623 quo
394 1571 571 1611 Catullus
598 1566 687 1617 ‘Qui
717 1570 821 1611 dono
850 1571 876 1610 l.
907 1583 944 1610 n.
970 1570 995 1610 l.
1026 1570 1150 1610 arrida
1182 1572 1254 1618 [sic
1274 1570 1334 1611 ed.
1360 1571 1483 1610 Ven.:
1513 1570 1619 1610 arida
1650 1570 1781 1609 codem

106 1629 183 1664 aut
210 1627 470 1675 Pastrengici
497 1627 628 1675 ipsius
657 1628 733 1663 aut
760 1627 798 1662 ei
826 1625 1011 1674 aequalis
1038 1627 1224 1673 uenetus,
1254 1622 1307 1669 cf.
1328 1624 1575 1662 Baelirensii
1601 1624 1662 1662 ed.
1694 1623 1781 1662 Cat.

100 1681 258 1729 μιΙΧ]
297 1678 416 1718 modo
445 1677 619 1717 Punicae
650 1680 724 1726 [sic
752 1678 813 1718 ed.
839 1681 1012 1716 ueneta:
1042 1677 1199 1728 pumice
1236 1677 1325 1716 cod.
1353 1678 1630 1726 Pastrengici]
1660 1688 1782 1726 expo-

107 1728 240 1771 litum’
280 1731 386 1771 Idem
422 1732 490 1780 (=
525 1731 726 1780 Isidorus)
768 1730 914 1769 Guilel.
953 1731 1245 1793 Pastrcngicus
1282 1730 1328 1767 de
1365 1731 1601 1779 originibus
1641 1741 1783 1768 rerum

101 1797 148 1836 p.
175 1783 247 1823 881²
273 1783 289 1837 ΙΙ
319 1786 374 1834 (1)
396 1786 431 1823 2.
453 1786 488 1825 3.
511 1786 535 1823 4
563 1783 627 1823 uel
657 1783 887 1823 ueronensis
917 1782 1095 1822 Catullus
1137 1812 1146 1822 .
1164 1812 1173 1822 .
1191 1783 1372 1833 (primus
1398 1794 1543 1821 uersus
1569 1785 1615 1821 in
1645 1783 1784 1821 codice

109 1840 285 1876 amissus
312 1839 385 1886 est)
415 1836 534 1876 Arido
551 1830 762 1886 —nugas'
792 1836 918 1875 schol.
946 1848 1162 1875 ueronens.
1191 1838 1236 1874 in
1262 1835 1387 1885 Verg.
1412 1835 1538 1885 eclog.
1553 1837 1589 1886 6,
1611 1836 1645 1882 4,
1670 1835 1783 1886 Ρ.75

109 1890 235 1929 Keilii
260 1890 274 1943 ΙΙ
305 1893 338 1930 1.
355 1891 390 1930 2.
407 1892 433 1930 4
460 1889 661 1953 Exemplis
682 1889 808 1929 tribus
824 1920 832 1929 .
850 1918 860 1929 .
876 1918 900 1939 .,
928 1888 1042 1928 Docti
1067 1889 1239 1928 carmine
1262 1900 1363 1939 quae
1383 1888 1484 1938 legis
1505 1888 1670 1928 Catulli:
1697 1883 1783 1927 ‘Cui

109 1943 217 1983 dono
245 1966 297 1973 —
326 1939 561 1994 expolitum’
606 1941 716 1982 Meas
744 1965 794 1970 —
823 1940 966 1992 nugas'
1004 1941 1163 1982 Terent.
1193 1941 1330 1980 Maur.
1349 1942 1465 1981 2560.
1523 1941 1726 1981 Catullus.
1743 1971 1752 1981 .
1773 1971 1783 1981 .

105 1993 198 2036 ‘Cui
226 2019 275 2025 —
305 1991 542 2047 expolitum'
580 1991 704 2035 ‘Meas
732 2017 784 2023 —-
813 1991 957 2045 nugas'
998 1994 1104 2034 Mar.
1137 1996 1341 2035 Victorin.
1375 2007 1414 2044 p.
1445 1994 1530 2042 448,
1558 1995 1611 2034 20
1641 1994 1742 2035 Keil.
1771 1995 1786 2047 ss

110 2052 149 2090 2.
166 2052 202 2090 4.
222 2052 240 2090 1
262 2049 381 2100 (apud
402 2047 616 2098 Catullum)
635 2049 823 2098 singulos
843 2048 953 2087 Caes.
974 2048 1088 2088 Bass.
1107 2061 1149 2098 p.
1164 2048 1238 2087 264
1261 2050 1420 2087 citauit.
1441 2047 1543 2087 Atil.
1558 2047 1784 2088 Fortunat.

109 2104 202 2153 298,
229 2102 280 2142 24
298 2101 342 2141 K.
370 2103 471 2141 haec
498 2103 621 2141 habet
656 2102 747 2141 talis
783 2104 843 2140 est
881 2112 972 2151 pars
1010 2113 1058 2140 ex
1094 2101 1310 2140 catulliano
1348 2099 1684 2153 hendecasyllabo
1720 2101 1787 2141 de—

111 2158 237 2195 tracta
275 2155 405 2206 priore
443 2158 553 2206 parte
587 2151 758 2205 ‘pumice
788 2149 1028 2205 expolitum’
1065 2155 1077 2205 Ιὶ
1113 2156 1135 2194 2
1165 2156 1352 2204 respexit
1378 2154 1539 2193 Plinius
1576 2158 1663 2193 nat.
1693 2155 1784 2194 hist.

110 2210 175 2260 36,
206 2209 279 2248 454
308 2208 378 2248 sed
405 2208 433 2246 ii
461 2208 639 2259 pumices
676 2208 743 2258 qui
772 2212 864 2247 sunt
900 2207 940 2245 in
970 2219 1044 2246 usu
1085 2219 1292 2259 corporum
1327 2206 1585 2246 leuandorum
1616 2207 1786 2257 feminis,

111 2262 191 2301 iam
220 2260 380 2312 quidem
409 2264 449 2300 et
477 2261 593 2310 uiris,
623 2264 764 2312 atque,
793 2263 838 2299 ut
866 2260 922 2299 ait
950 2260 1146 2310 Catullus,
1180 2261 1303 2310 libris,
1332 2260 1594 2300 laudatissimi
1628 2263 1719 2300 sunt
1747 2261 1788 2299 in

112 2314 242 2363 Melo;
271 2313 325 2361 cf.
347 2314 562 2365 0at.22‚8
590 2313 603 2365 ΙΙ
632 2315 669 2353 3.
694 2316 719 2354 4
744 2308 931 2364 ‘namque
960 2317 1003 2352 tu
1032 2314 1190 2354 solebas
1219 2313 1354 2364 Nugas
1384 2325 1472 2353 esse
1501 2312 1650 2365 aliquid
1679 2325 1787 2354 meas

114 2363 272 2420 putare’
305 2368 378 2418 (sic
398 2368 626 2418 Hauptius:
656 2378 744 2407 esse
764 2365 913 2418 aliquid
941 2378 1049 2405 meas
1078 2371 1216 2418 putare
1244 2378 1370 2417 nugas
1390 2367 1459 2405 uel
1483 2368 1619 2416 putare
1640 2366 1788 2418 aliquid

115 2432 205 2460 esse
233 2431 342 2460 meas
371 2432 497 2472 nugas
517 2422 642 2470 libri),
671 2423 716 2460 ut
745 2420 872 2459 obiter
901 2419 1101 2459 emolliam
1122 2421 1195 2470 (sic
1213 2421 1350 2460 Herm.
1365 2420 1602 2459 Barbarus:
1631 2419 1789 2459 obicere

115 2473 293 2513 molliam
322 2474 446 2522 libri),
476 2473 670 2513 Catullum
700 2477 1000 2513 conterraneum
1027 2485 1159 2513 meum
1176 2504 1185 2514 .
1203 2502 1213 2513 .
1230 2489 1259 2513 .:
1289 2473 1358 2512 ille
1378 2473 1535 2512 enim..
1557 2472 1789 2523 permutatis

116 2526 316 2577 prioribus
354 2526 521 2579 syllabis
556 2526 824 2566 duriusculum
865 2537 908 2565 se
936 2525 1031 2565 fecit
1067 2528 1229 2566 Plinius
1258 2524 1397 2577 praef.
1432 2529 1520 2565 nat.
1549 2527 1643 2566 hist.
1673 2527 1696 2575 ξ
1726 2526 1747 2564 4
1774 2526 1789 2578 ΙΙ

116 2583 144 2620 4
172 2579 276 2619 solet
304 2580 421 2630 enim,
449 2582 494 2620 ut
513 2580 655 2619 Catulli
679 2579 919 2618 Veronensis
939 2579 1062 2619 uerbo
1082 2583 1183 2630 utar,
1209 2578 1332 2619 ‘meas
1363 2591 1451 2619 esse
1471 2578 1622 2629 aliquid
1650 2582 1789 2630 putare

118 2627 262 2683 nugas'
293 2634 490 2672 Petrarca
523 2633 716 2672 senilium
745 2632 847 2682 44,5
871 2645 912 2683 p.
927 2633 1002 2671 978
1029 2633 1043 2684 ΙΙ
1070 2636 1172 2673 5-7
1203 2633 1373 2673 Benzius
1402 2631 1683 2682 Longobardus
1709 2661 1718 2671 .
1743 2660 1754 2672 .
1778 2661 1789 2671 .

118 2687 349 2726 cunctarum
379 2687 569 2737 gentium,
599 2687 815 2734 nationum,
844 2697 979 2736 regum
1000 2686 1317 2738 populorumque
1337 2685 1510 2725 omnium
1532 2685 1650 2725 simul
1678 2687 1790 2736 gesta

115 2739 336 2790 contexuit,
366 2751 466 2790 opus
495 2739 654 2790 grande,
683 2739 870 2779 uolumen
900 2739 1154 2789 immensum,
1190 2739 1295 2791 quod
1324 2739 1364 2778 in
1393 2741 1472 2778 tres
1501 2737 1701 2778 dimensus
1730 2741 1791 2778 est

118 2794 267 2843 partes,
295 2796 339 2832 ut
368 2792 416 2832 de
444 2792 513 2832 illo
544 2792 620 2832 dici
649 2793 776 2844 possit
800 2791 906 2843 quod
934 2792 1070 2832 scribit
1097 2792 1328 2833 ueronensis
1348 2794 1466 2842 poeta
1494 2791 1630 2831 dicens
1656 2786 1791 2831 ‘ausus

117 2844 281 2896 quidem
308 2857 409 2885 unus
427 2845 612 2885 Italorum
634 2845 758 2885 Omne
786 2857 927 2884 aeuum
956 2845 1082 2885 tribus
1111 2846 1307 2896 explicare
1335 2845 1480 2884 chartis
1498 2845 1559 2894 (·i·
1582 2844 1793 2884 uolumini-

120 2897 227 2947 bus),
255 2897 414 2950 Iupiter,
441 2898 566 2939 doctis
590 2903 628 2939 et
647 2895 875 2938 laboriosis'
904 2897 1009 2937 Guil.
1024 2900 1319 2949 Pastrengicus
1333 2898 1381 2937 de
1396 2899 1549 2948 origin.
1564 2899 1647 2938 reb.
1665 2910 1707 2948 p.
1723 2898 1792 2937 46³

258 2954 277 2992 1
308 2950 408 2998 Quoi
449 2966 503 2991 cu:
545 2951 618 2998 Qui
660 2952 701 2992 V
733 2953 1025 3001 Pastrengicus
1062 2952 1132 2992 Cui
1171 2966 1204 2991 ω
1242 2956 1282 2990 et
1315 2954 1538 3002 scriptores
1575 2953 1647 3001 qui
1684 2953 1793 2989 hunc

122 3014 290 3042 uersum
329 3007 462 3044 citant
493 3009 651 3044 ueteres
687 3003 701 3055 [l
737 3006 760 3043 2
788 3004 908 3043 Arido
942 3005 983 3044 V
1004 3008 1043 3043 ct
1069 3008 1291 3056 scriptores
1326 3008 1483 3043 ueteres
1521 3007 1593 3054 qui
1625 3016 1793 3043 uersum

215 3067 369 3101 Catullus
1456 3073 1473 3111 1
