2040 3372
862 123 1150 165 PRAEFATIO
1813 123 1849 163 V

279 267 360 306 aut
377 273 520 320 paene
542 257 635 305 solo
661 260 884 318 coynitam
908 272 997 305 esse
1019 258 1255 319 significat.
1305 260 1353 304 in
1377 260 1598 305 asteriscis
1620 257 1689 304 his
1711 257 1848 305 collo-

280 327 434 372 candis
478 327 657 386 respewi
699 324 906 371 lectiones
948 339 1048 371 cum
1094 324 1148 370 ab
1199 323 1442 371 editoribus
1483 324 1718 385 prioribus
1753 332 1849 370 tum

279 394 476 437 maa-ime
511 406 540 437 a
573 404 643 437 me
678 393 727 436 in
762 390 952 437 editione
983 393 1174 451 yissensi
1205 405 1246 437 a.
1278 390 1404 439 1866
1439 398 1480 436 et
1514 390 1569 436 ab
1605 389 1763 436 Ellisio
1799 393 1851 436 in

283 457 471 504 editione
499 458 739 504 omoniensi
759 459 876 503 anni
900 457 1026 505 1878
1062 471 1084 502 e
1119 456 1246 503 libris
1268 471 1409 504 manu
1432 458 1610 518 scriptis
1633 462 1848 503 enotatas.

168 523 406 571 Praeterea
440 525 489 569 in
522 537 616 569 uno
651 525 850 570 carmine
883 522 1107 570 adhibitus
1141 531 1203 569 est

213 588 250 635 T
280 590 418 636 codem
441 591 708 650 parisiensis
733 589 858 637 8071
898 589 1026 650 (olim
1060 588 1362 646 thuaneus)
1398 602 1508 635 saec.
1542 594 1654 641 VIIII,
1691 591 1850 647 inquo

272 670 318 717 p.
347 657 586 703 ’51ν--51α
630 654 798 702 Catulli
830 670 1011 702 carmen
1046 656 1108 702 62
1151 655 1327 715 leqitur.
1385 654 1562 716 reliqua
1596 668 1709 714 quae
1745 667 1851 700 con-

278 725 387 770 tinet
421 722 480 769 ad
513 720 739 768 Catullum
773 736 867 768 non
901 730 1109 783 spectant.
1169 735 1327 768 uersus
1362 723 1578 768 carminis
1614 719 1852 766 catulliani

284 789 445 836 1—22
464 787 765 849 photoyraphi
785 795 880 835 arte
902 791 1224 849 repraesentati
1244 794 1351 834 sunt
1373 790 1424 834 in
1447 786 1566 833 Aem.
1602 785 1854 833 Chatelanii

278 854 507 916 palaeoyr.
534 854 698 900 classic.
736 854 811 900 lat.
849 854 936 901 tab.
961 861 1078 900 XIIII.
1137 861 1313 915 praeter
1345 853 1576 900 Duebneri
1609 855 1678 911 (in
1713 851 1853 899 Lach-

281 924 446 968 manni
467 921 659 967 editione
682 919 841 979 altera)
867 920 1151 979 aliorumque
1176 920 1317 981 (apud
1339 919 1568 978 Ellisium)
1593 919 1850 965 collationes

278 986 394 1034 mihi
418 993 597 1048 praesto
631 987 726 1046 suit
760 985 935 1032 collatio
972 985 1288 1032 Maatimiliani
1318 986 1521 1032 Bonneti.

169 1052 346 1114 [Sicubi
378 1068 399 1099 e
432 1067 482 1099 re
505 1066 593 1098 esse
617 1051 868 1106 uidebatur,
905 1054 993 1098 sin
1004 1051 1103 1112 qul
1114 1054 1159 1098 is
1198 1051 1344 1098 locis
1381 1055 1536 1098 uarias
1565 1051 1769 1097 lectiones
1793 1064 1850 1096 ecc

279 1119 384 1167 aliis
412 1125 593 1180 praeter
631 1117 667 1164 G
702 1125 743 1164 et
781 1118 819 1164 O
854 1117 983 1165 libris
1016 1117 1183 1164 addidi.
1253 1117 1331 1164 hos
1365 1120 1565 1164 mamime
1599 1116 1809 1164 adhibui:

406 1185 445 1231 A
499 1184 812 1231 ambrosianus
847 1191 911 1231 est
945 1191 983 1228 M
1009 1185 1072 1233 38
1108 1183 1276 1231 saeculi
1308 1190 1416 1228 XIIII
1448 1186 1655 1230 exeuntis

406 1251 444 1297 B
500 1250 785 1297 bononiensis
819 1253 1138 1297 uniuersitatis
1173 1251 1299 1298 2621
1340 1253 1457 1297 anni
1493 1251 1618 1297 1412

413 1317 451 1364 C
497 1319 762 1378 parisiensis
798 1318 942 1372 8234,
979 1317 1090 1363 olim
1125 1316 1515 1371 colbertinus,
1551 1330 1661 1363 saec.
1688 1322 1749 1359 XV

406 1384 448 1430 D
501 1383 802 1437 berolinensis,
814 1383 922 1430 olim
939 1382 1078 1430 Caro
1091 1383 1134 1429 li
1152 1383 1190 1429 D
1203 1382 1406 1442 ati(Ms.
1424 1382 1550 1430 Diez.
1566 1383 1615 1429 B.
1631 1381 1756 1428 Sant.
1774 1382 1853 1437 37)

497 1453 613 1496 anni
648 1451 772 1497 1463

407 1514 457 1561 H
497 1515 834 1576 hamburgensis
867 1521 894 1558 L
930 1516 1019 1562 139
1055 1529 1164 1562 saec.
1191 1521 1253 1558 XV

409 1581 444 1628 L
502 1581 804 1637 berolinensis,
830 1581 938 1628 olim
962 1580 1248 1629 Laurenti
1258 1584 1277 1628 i
1294 1580 1330 1627 S
1337 1584 1547 1629 anteni
1556 1584 1575 1628 i
1597 1579 1700 1638 (Ms.
1723 1579 1850 1626 Diez.

498 1649 547 1695 B.
574 1648 700 1695 Sanc.
727 1647 808 1706 36)
845 1663 956 1695 saec.
981 1654 1043 1691 XV

408 1718 469 1762 A
501 1715 815 1762 laurentianus
845 1714 908 1776 pl.
936 1715 1013 1769 33,
1043 1716 1100 1762 13
1137 1728 1247 1761 saec.
1279 1720 1388 1757 XIIII
1419 1716 1625 1760 eaeeuntis

413 1779 455 1826 P
496 1783 763 1842 parff‘siensis
798 1781 929 1829 7989
966 1784 1082 1827 anni
1121 1781 1261 1828 1423.

286 1861 343 1893 eat·
390 1846 458 1893 his
502 1847 670 1893 librum
708 1846 745 1893 C
786 1849 837 1892 in
878 1861 1026 1894 meum
1069 1861 1203 1894 usum
1246 1845 1354 1893 olim
1398 1845 1588 1893 contulit
1630 1845 1855 1900 Duebner,

283 1913 421 1960 libros
438 1912 623 1960 DHLA
646 1915 738 1974 ipse
764 1913 944 1967 contuli,
970 1919 1059 1959 tres
1075 1916 1254 1974 priores
1278 1927 1318 1958 a.
1344 1912 1484 1965 1860,
1521 1920 1734 1971 quartum
1758 1913 1854 1971 (A)

281 1978 512 2026 Florentia
553 1977 802 2039 Tubinyam
837 1978 1082 2025 liberaliter
1121 1978 1236 2025 mihi
1277 1980 1594 2025 transmissum
1628 1993 1669 2024 a.
1712 1979 1855 2026 1884.

285 2045 489 2093 lectiones
524 2044 744 2092 librorum
767 2044 805 2090 A
837 2053 877 2091 et
899 2045 938 2090 B
972 2059 1031 2092 eac
1062 2045 1215 2091 Ellisii
1248 2044 1440 2091 editione
1472 2051 1707 2091 mutuatus
1740 2059 1856 2099 suin,

283 2126 442 2159 cauens
459 2118 608 2159 tamen
625 2126 682 2158 ne
701 2111 808 2173 quid
824 2125 882 2158 eat
906 2114 1001 2158 eius
1018 2110 1194 2158 silentio
1215 2110 1479 2172 colliqerem.
1521 2113 1626 2158 item
1651 2110 1857 2158 lectiones

285 2178 395 2226 libri
427 2177 470 2224 P
499 2193 557 2224 em
603 2177 840 2224 collatione
875 2193 903 2225 a
937 2177 1114 2238 Sz·tli·92·o
1159 2177 1218 2224 ad
1259 2192 1390 2224 suam
1435 2180 1576 2238 ipsius
1621 2178 1859 2224 editionem

282 2245 407 2305 facta
441 2253 481 2291 et
515 2259 543 2291 a
580 2243 845 2291 Rossbachio
890 2243 1188 2291 Vratislauiae
1223 2258 1264 2290 a.
1296 2245 1422 2293 1859
1460 2244 1578 2290 edita
1611 2240 1799 2306 sumpsi]

175 2330 217 2361 ω
288 2311 492 2358 lectiones
526 2326 555 2358 a
594 2309 630 2355 V
663 2311 957 2372 discrepantes
998 2324 1107 2370 quas
1142 2309 1251 2356 Itali
1291 2310 1367 2357 uel
1411 2313 1461 2356 in
1505 2311 1672 2357 codices
1716 2325 1857 2357 manu

284 2379 472 2439 scriptos
504 2377 669 2423 saeculi
703 2383 811 2420 XIIII
842 2384 882 2424 et
914 2383 977 2420 XV
1008 2376 1083 2423 uel
1125 2379 1175 2422 in
1210 2377 1422 2424 editiones
1457 2376 1516 2423 ad
1549 2391 1725 2423 annum
1760 2376 1858 2454 fere

291 2445 415 2491 1550
452 2446 690 2521 impressas
735 2443 1001 2490 intulerunt.
1071 2444 1400 2490 emendationes
1441 2450 1620 2489 auctore
1653 2457 1747 2489 non
1781 2445 1857 2488 in-

287 2511 428 2557 dicato
464 2512 514 2555 in
549 2517 722 2556 temtum
755 2518 953 2571 receptae
988 2523 1045 2555 eat
1082 2527 1122 2556 ω
1160 2510 1411 2571 desumptae
1445 2517 1564 2556 sunt.

176 2577 263 2624 add
289 2597 356 2615 =
379 2576 563 2630 addidit,
600 2576 803 2622 additum
948 2590 1050 2623 corr
1072 2597 1139 2614 =
1163 2578 1363 2623 correxit
1517 2575 1587 2622 del
1606 2596 1673 2614 =
1697 2575 1858 2621 deleuit

427 2657 498 2689 om
522 2664 589 2680 =
612 2645 761 2689 omisit
928 2657 1021 2689 sscr
1042 2663 1110 2681 =
1132 2644 1442 2704 superscripsit
1610 2649 1766 2703 transp
1791 2662 1858 2680 =

285 2711 560 2770 transposuit
716 2724 775 2755 m.
795 2723 885 2769 pr„
920 2723 1001 2756 sec.
1026 2730 1093 2747 =
1116 2724 1278 2756 manus
1308 2711 1473 2770 prima,
1508 2708 1701 2756 secunda

285 2778 335 2821 in
369 2789 512 2836 marq.
538 2795 605 2814 ==
627 2777 677 2821 in
700 2778 904 2835 maryine
1048 2792 1074 2820 ηε
1099 2796 1166 2814 =
1190 2775 1338 2822 littera
1362 2789 1490 2821 erasa
1512 2773 1654 2834 (uelut
1685 2774 1856 2821 mi*se-

285 2847 410 2899 runt,
448 2847 493 2887 et
520 2858 546 2886 ηε
575 2857 601 2886 *
627 2841 825 2901 magnis)
993 2856 1083 2889 ras.
1108 2863 1176 2880 =
1198 2856 1376 2888 rasura.

180 2907 407 2956 Catullum
437 2907 496 2954 ad
527 2907 661 2968 fidem
696 2907 916 2955 bonorum
953 2908 1175 2955 librorum
1204 2912 1384 2970 primus
1424 2910 1641 2955 recensuit
1670 2906 1858 2954 Carolus

287 2973 631 3021 Lachmannus:
668 2978 746 3036 qui
763 2982 864 3036 post
888 2989 990 3022 eum
1018 2973 1188 3021 Catulli
1209 2977 1415 3022 carmina
1438 2973 1698 3020 melioribus
1723 2988 1858 3035 quam

288 3039 445 3101 quibus
480 3040 555 3086 ille
588 3043 662 3087 uti
687 3047 898 3102 potuerat
930 3041 1150 3088 codicibus
1178 3041 1329 3088 adiuti
1359 3047 1717 3103 recoqnouerunt
1739 3040 1856 3100 fun-
