2040 3372
250 121 312 166 46

938 129 1001 178 61,
1034 130 1241 170 199-225

667 257 890 323 Neglegit.
959 263 1039 310 sed
1074 263 1169 311 abit
1203 264 1323 313 dies:

565 336 633 376 200
666 328 829 391 Perge,
866 344 926 377 ne
959 344 1208 379 remorare.

666 463 770 510 Non
807 463 884 509 diu
919 470 1173 513 remoratus
1207 480 1271 523 es,

665 529 760 576 Iam
795 530 944 577 uenis.
1014 531 1137 579 bona
1172 538 1216 580 te
1250 533 1407 583 Venus

667 595 859 655 latuerit,
897 598 1115 658 quoniam
1150 600 1299 661 palam

667 663 800 718 Quod
837 664 967 725 cupis
1003 666 1132 728 cupis
1169 674 1214 714 et
1247 667 1424 715 bonum

565 738 631 777 205
666 730 768 777 Non
805 730 1052 779 abscondis
1087 747 1305 782 amorem.

662 863 744 911 Ille
779 864 987 925 pulueris
1021 865 1188 926 africei

578 977 582 981 Α
666 931 973 994 Siderumque
1007 932 1277 981 micantium

667 998 904 1046 Subducat
939 1014 1185 1047 numerum
1221 1002 1371 1062 priuS,.

667 1065 755 1120 Qui
790 1066 938 1114 uostri
976 1081 1219 1115 numerare
1257 1069 1352 1116 uolt

565 1140 632 1179 210
666 1133 807 1180 Multa
841 1133 964 1181 milia
999 1134 1138 1182 ludei.

662 1265 824 1314 Ludite
858 1274 911 1315 ut
944 1268 1086 1327 lubet,
1123 1275 1168 1316 et
1202 1269 1335 1317 breui

665 1333 858 1382 Liberos
893 1336 1009 1382 date.
1080 1351 1177 1382 non
1213 1336 1346 1385 decet

665 1401 777 1447 Tam
812 1408 946 1450 uetus
983 1402 1083 1450 sine
1117 1403 1274 1452 liberis

662 1468 842 1516 Nomen
880 1484 993 1528 esse,
1029 1471 1108 1518 sed
1144 1471 1348 1519 indidem

561 1543 628 1582 215
663 1535 857 1598 Semper
891 1538 1173 1599 ingenerari.

660 1671 922 1733 Torquatus
957 1673 1064 1719 uolo
1100 1672 1322 1735 paruulus

662 1739 817 1786 Matris
854 1755 878 1786 e
913 1740 1090 1800 gremio
1126 1755 1235 1787 suae

663 1807 914 1867 Porrigens
948 1814 1132 1855 teneras
1166 1822 1331 1855 manus

664 1873 808 1920 Dulce
843 1874 989 1920 rideat
1024 1875 1078 1921 ad
1114 1882 1291 1936 patrem

559 1948 626 1987 220
662 1941 937 1988 Semihiante
975 1941 1155 1989 labello.

663 2075 732 2121 Sit
766 2090 850 2122 suo
886 2075 1044 2122 similis
1080 2076 1199 2137 patri

661 2141 831 2188 Manlio
869 2149 911 2189 et
949 2143 1079 2190 facile
1115 2143 1302 2190 inscieis

660 2208 924 2256 Noscitetur
959 2210 1013 2256 ab
1051 2210 1266 2257 omnibus

659 2275 719 2322 Et
751 2276 1018 2338 pudicitiam
1053 2293 1157 2326 suae

560 2349 625 2388 225
660 2343 816 2391 Matris
852 2344 1024 2391 indicet
1059 2359 1153 2391 ore.

377 2477 454 2516 199
482 2474 670 2526 Neglegit
688 2474 762 2514 O*:
785 2475 962 2526 Negligit
979 2476 1011 2515 G
1031 2475 1044 2528 {l
1066 2476 1164 2515 abiit
1181 2478 1227 2517 V
1244 2477 1258 2530 ΙΙ
1286 2478 1364 2517 200
1382 2487 1644 2517 rememorare
1664 2477 1697 2518 G
1723 2476 1739 2531 ΙΙ
1766 2479 1840 2519 201
1861 2490 1923 2519 re-

243 2532 393 2568 morata
423 2531 588 2579 (remota
622 2529 693 2579 0*)
721 2540 764 2568 es
794 2529 838 2569 V
858 2531 872 2579 ΙΙ
910 2531 984 2570 203
1015 2530 1211 2570 Inuenerit
1241 2531 1286 2572 V
1313 2531 1327 2582 ΙΙ
1367 2532 1445 2571 204
1472 2532 1585 2582 cupis
1614 2531 1727 2582 cupis
1755 2531 1825 2572 V*
1851 2532 1925 2572 ced

242 2585 286 2621 in
314 2595 417 2621 uoce
441 2585 674 2632 posteriore
698 2596 753 2621 ex
771 2596 796 2622 u
824 2581 927 2629 fecit
947 2596 1013 2634 ag
1042 2584 1168 2635 [cupis
1190 2585 1300 2635 capis
1321 2587 1458 2634 ceteri,
1485 2586 1644 2635 uulgo}
1687 2588 1772 2624 iam
1795 2586 1923 2625 Hein-

240 2639 328 2674 sius
370 2637 483 2688 cupis
513 2637 626 2686 cupis
646 2639 885 2675 coniectura
908 2638 1125 2676 adsecutus
1147 2642 1239 2677 erat
1263 2637 1278 2691 ss
1307 2640 1382 2678 205
1403 2639 1625 2678 abscondas
1645 2638 1686 2678 V
1707 2638 1722 2691 ΙΙ
1750 2641 1826 2680 206
1846 2639 1922 2679 eri-

242 2690 299 2728 cei
331 2689 380 2739 V,
410 2703 504 2729 corr
532 2691 739 2730 Heinsius,
795 2690 892 2728 aridi
922 2691 1213 2730 Broulclzusius
1237 2691 1253 2743 ss
1290 2693 1366 2732 209
1395 2692 1518 2731 nostri
1549 2692 1588 2731 V
1617 2692 1634 2743 u
1669 2692 1812 2732 uolunt
1842 2693 1888 2734 V
1903 2691 1920 2746 Ι

242 2744 318 2783 210
349 2743 471 2782 millia
495 2744 528 2783 G
554 2743 569 2793 ΙΙ
596 2743 702 2783 ludei
731 2743 922 2793 Scaliger
951 2744 1045 2794 (ludi
1069 2746 1136 2794 ω);
1167 2744 1363 2784 ludereV
1381 2746 1394 2796 ΙΙ
1423 2747 1497 2786 211
1529 2745 1578 2785 Et
1606 2745 1730 2785 ludite
1750 2749 1791 2786 et
1807 2746 1921 2786 lubet

244 2797 288 2836 V
308 2795 321 2848 ΙΙ
351 2797 476 2846 breui]
506 2797 583 2837 b’ui
617 2798 660 2847 0,
690 2797 802 2847 quod
829 2802 889 2835 est
919 2799 1028 2838 breui
1057 2798 1127 2845 (cll
1155 2800 1201 2837 in
1229 2799 1368 2837 eodem
1398 2799 1538 2838 codiee
1564 2801 1628 2848 65,
1656 2800 1708 2838 57
1734 2799 1839 2850 (b’ue
1866 2817 1918 2832 =

242 2850 378 2898 breue)
405 2850 421 2903 ΙΙ
450 2853 527 2891 214
555 2850 729 2891 nididem
753 2850 808 2889 0*
835 2850 848 2902 ΙΙ
879 2853 954 2891 215
983 2852 1202 2912 ingenerati
1226 2852 1257 2890 O
1282 2852 1298 2905 ss
1327 2854 1402 2892 216
1432 2850 1628 2893 Torcutus
1650 2853 1705 2892 O*
1731 2852 1747 2905 ΙΙ
1774 2853 1850 2894 217
1881 2849 1918 2902 e]

243 2939 264 2978 7
283 2931 350 2977 (=
367 2931 420 2979 et)
439 2929 496 2968 ο*
522 2931 536 2981 ιι
565 2932 641 2971 220
663 2930 742 2970 Sed
765 2929 826 2976 (82
847 2931 892 2978 ο)
921 2932 1037 2971 michi
1068 2914 1121 2979 (ὦ
1154 2932 1198 2977 ο)
1227 2936 1319 2971 ante
1349 2932 1397 2982 V,
1431 2944 1528 2971 eom·
1556 2932 1758 2983 Scaliger.
1813 2944 1918 2973 sem-

240 2982 375 3022 hiante
403 2983 505 3026 Luc.
522 2985 697 3023 Mueller
723 2985 738 3036 ΙΙ
765 2986 842 3025 222
870 2984 1016 3024 Manlio
1049 2985 1105 3024 0*
1131 2987 1145 3037 Η
1172 2985 1272 3024 facie
1301 2986 1567 3024 Burmannus
1593 2986 1607 3038 ΙΙ
1635 2986 1808 3026 insciens
1837 2986 1877 3027 V
1899 2985 1914 3039 ΙΙ

242 3038 317 3076 223
347 3035 511 3076 Noscite
542 3038 598 3076 0*
627 3037 641 3089 ΙΙ
669 3037 823 3077 obuieis
842 3038 1026 3077 Pleitner
1067 3039 1250 3078 omnibus
1279 3038 1507 3080 Noscitetur
1534 3040 1585 3079 ab
1613 3040 1750 3080 insciis
1768 3040 1917 3080 Dawe·

240 3093 328 3129 sius
353 3091 368 3144 fl
396 3092 474 3131 224
503 3090 739 3142 pudiciciam
768 3103 880 3131 suam
909 3092 947 3132 V
973 3091 988 3144 ΙΙ
1017 3094 1093 3134 225
1122 3092 1271 3132 iudicet
1303 3092 1359 3131 0*
