2040 3372
853 155 917 203 61,
946 156 1102 195 54-83
1745 156 1805 200 41

551 287 616 333 Te
649 288 819 335 timens
853 287 1017 349 cupida
1052 302 1202 335 nouos

472 361 518 399 55
552 353 711 415 Captat
744 368 853 401 aure
888 355 1094 402 maritus.

550 459 618 506 Tu
656 461 754 507 fero
791 461 951 508 iuueni
986 462 1034 508 in
1070 476 1234 509 manus

551 526 780 573 Floridam
816 528 914 588 ipse
948 528 1197 589 puellulam

550 593 686 641 Dedis
721 608 746 639 a
781 594 957 655 gremio
994 609 1103 642 suae

550 659 722 717 Matris,
761 675 787 706 o
823 661 1085 723 Hymenaee
1121 662 1315 724 Hymen,

471 733 517 772 60
553 725 592 772 Ο
627 725 805 788 Hymen
840 727 1119 789 Hymenaee.

550 818 623 865 Nil
658 826 811 880 potest
845 821 945 867 sine
980 827 1026 867 te
1060 821 1218 868 Venus

551 885 690 932 Fama
727 887 850 947 quod
885 887 1009 934 bona
1044 889 1317 949 comprobet

554 951 789 999 Commodi
826 968 1013 1015 capere:
1049 961 1094 1001 at
1128 961 1281 1016 potest

551 1018 615 1065 Te
651 1019 852 1067 uolente.
923 1021 1026 1081 quis
1059 1021 1167 1067 huic
1203 1022 1288 1069 deo

472 1093 516 1131 65
551 1084 869 1146 Compararier
902 1085 1054 1134 ausit?

549 1178 681 1225 Nulla
716 1179 816 1239 quit
850 1179 949 1226 sine
984 1187 1028 1226 te
1064 1180 1227 1228 domus

550 1244 745 1292 Liberos
780 1246 902 1303 dare,
940 1261 1028 1293 nec
1063 1261 1234 1308 parens

551 1310 704 1373 Stirpe
739 1312 898 1359 nitier:
935 1320 980 1359 at
1014 1320 1168 1374 potest

550 1378 615 1424 Te
652 1379 854 1426 uolente.
925 1379 1028 1440 quis
1063 1381 1169 1427 huic
1206 1381 1291 1428 deo

471 1453 516 1491 70
552 1444 872 1506 Compararier
906 1445 1060 1494 ausit?

551 1537 679 1592 Quae
713 1539 804 1586 tuis
838 1546 992 1586 careat
1026 1540 1168 1587 sacris

551 1604 655 1652 Non
692 1612 831 1666 queat
865 1607 972 1653 dare
1007 1606 1241 1668 praesides

553 1671 695 1718 Terra
731 1672 925 1720 finibus!
964 1680 1008 1719 at
1042 1680 1178 1734 queat

550 1738 616 1784 Te
651 1739 854 1786 uolente.
926 1740 1028 1800 quis
1062 1740 1171 1787 huic
1207 1739 1292 1786 deo

473 1812 517 1851 75
553 1804 870 1867 Compararier
905 1803 1054 1853 ausit?

552 1897 754 1945 Claustra
791 1898 978 1959 pandite
1012 1899 1191 1956 ianuae,

552 1964 688 2025 Virgo
725 1965 844 2012 ades.
914 1965 1052 2012 uiden
1090 1972 1141 2012 ut
1174 1966 1296 2013 faces

474 2037 518 2076 78
554 2030 825 2092 Splendidas
862 2032 1077 2092 quatiunt
1111 2031 1300 2079 comas?

475 2103 518 2142 81
554 2097 724 2144 Tardet
757 2098 988 2159 ingenuus
1024 2099 1199 2159 pudor:

552 2162 746 2222 †Quem
781 2171 935 2211 tamen
970 2166 1115 2227 magis
1150 2165 1342 2213 audiens

473 2237 517 2276 83
552 2230 652 2277 Flet
688 2232 811 2292 quod
846 2231 914 2278 ire
950 2247 1138 2280 necesse
1174 2238 1256 2280 est.
1332 2234 1341 2247 ‘

270 2347 321 2386 54
350 2349 506 2387 tumens
532 2348 675 2387 Dousa
703 2348 762 2395 fil.
810 2348 868 2389 Te
896 2352 948 2399 te,
977 2349 1132 2401 Hymen
1154 2351 1324 2391 Vossius
1366 2350 1495 2389 nitens
1520 2349 1806 2404 Schenkeliusss

138 2401 186 2439 55
215 2400 378 2440 maritos
410 2401 454 2440 V
470 2400 485 2455 ΙΙ
514 2402 563 2441 56
593 2401 652 2440 fer
680 2414 703 2441 o
734 2403 772 2442 V
804 2402 817 2455 [1
854 2405 902 2442 57
932 2403 1150 2454 puelullam
1182 2403 1238 2442 O*
1266 2404 1279 2455 ΙΙ
1307 2405 1463 2444 58—60
1491 2402 1610 2442 Dedis
1639 2405 1814 2455 agremio

137 2464 208 2492 sue
235 2453 370 2493 matris
395 2452 401 2506 Ι
426 2452 457 2493 Ο
487 2454 682 2506 hymenee
710 2455 796 2507 hy(i
828 2456 966 2506 O)men
995 2456 1190 2508 hymenee
1219 2458 1331 2506 (ante
1362 2469 1505 2495 uocem
1532 2458 1722 2496 ultimam
1750 2459 1815 2496 in-

135 2508 268 2545 seruit
294 2518 318 2545 ο
342 2518 376 2557 g
413 2509 525 2556 [aem
564 2500 602 2549 ἦ.
632 2508 657 2548 ι.
695 2521 718 2548 0
749 2510 943 2560 hymenee
971 2509 1041 2558 DJ)
1073 2511 1116 2551 V
1149 2509 1163 2562 n
1204 2512 1250 2550 61
1283 2509 1414 2549 Nichil
1446 2511 1493 2559 V,
1528 2510 1626 2548 inde
1653 2510 1717 2549 Νῑι
1742 2523 1776 2561 g
1802 2510 1815 2563 n

138 2561 188 2600 62
216 2558 335 2599 Fama
359 2559 415 2599 0*
440 2559 453 2612 ΙΙ
482 2563 531 2602 65
563 2561 789 2614 Comparier
812 2563 842 2601 0
870 2562 883 2613 ΙΙ
911 2564 961 2602 66
990 2563 1085 2613 quid
1108 2563 1176 2614 G*,
1206 2576 1302 2602 corr
1324 2575 1356 2613 g
1384 2565 1398 2614 ΙΙ
1426 2565 1474 2603 68
1505 2564 1620 2602 nitier
1639 2565 1726 2612 [P]:
1758 2564 1816 2603 ui-

138 2612 217 2652 cier
247 2613 280 2652 G
307 2613 451 2665 [BCA]
494 2615 613 2654 uities
644 2616 699 2654 θ*
741 2616 892 2655 uincier
921 2616 1062 2665 [ADL]
1106 2617 1255 2667 cingier
1284 2617 1492 2656 Schrader
1517 2615 1531 2670 11
1569 2619 1616 2656 70
1648 2617 1815 2669 Compa-

136 2666 215 2705 ries
246 2666 301 2705 0*
327 2667 341 2719 ss
370 2668 418 2706 73
449 2670 489 2706 at
518 2672 652 2719 potest
672 2670 817 2719 Peiper
842 2668 856 2721 ΙΙ
885 2671 933 2708 75
964 2668 1233 2721 Compararier
1260 2670 1292 2709 G
1318 2670 1405 2718 (sed
1429 2682 1506 2720 pro
1536 2682 1556 2707 a
1584 2673 1816 2720 posteriore

136 2731 189 2758 m.
213 2731 281 2769 pr.
308 2722 429 2770 prius
454 2723 680 2771 scripserat
705 2721 734 2773 i)
765 2721 798 2762 G
840 2722 1066 2772 Comparier
1096 2723 1151 2762 0*
1184 2723 1199 2776 ΙΙ
1237 2727 1284 2764 77
1316 2723 1410 2762 ades
1439 2723 1673 2762 Schrader:
1702 2723 1817 2764 adest

141 2773 186 2813 V
210 2772 225 2826 ΙΙ
259 2774 307 2814 81
338 2772 484 2813 Tardat
513 2789 560 2813 ω.
615 2774 794 2822 fortasse
822 2774 969 2815 Tardet
1003 2776 1198 2827 ingenuus
1227 2777 1379 2828 pudor?
1409 2776 1498 2815 Fles
1528 2776 1634 2827 quod
1663 2777 1720 2816 ire
1747 2790 1816 2817 ne-

139 2837 250 2866 cesse
271 2829 357 2865 est?
381 2826 396 2877 ΙΙ
426 2828 475 2867 82
496 2829 606 2866 hunc
624 2841 804 2879 uersum,
824 2831 897 2880 qui
914 2830 952 2869 Ιι.
974 2829 998 2868 l.
1016 2831 1230 2881 stropham
1258 2834 1299 2868 et
1325 2842 1487 2868 sensum
1508 2832 1662 2878 turbat,
1682 2830 1815 2870 Lach-

138 2891 316 2918 mannus
336 2883 434 2931 post
459 2893 500 2920 u.
515 2881 588 2920 440
618 2884 884 2933 transposuit.
930 2882 1103 2922 Ellisius
1130 2887 1229 2922 ante
1246 2885 1308 2932 84,
1338 2883 1438 2923 Luc.
1454 2882 1629 2922 Mueller
1652 2888 1748 2934 post
1765 2885 1813 2923 84

139 2932 333 2972 lacunam
367 2935 529 2974 statuit.
583 2948 780 2974 uersuum
809 2936 1087 2975 dinumeratio
1123 2937 1302 2986 uulgata
1338 2936 1435 2975 inde
1473 2939 1533 2975 est
1568 2940 1670 2976 nata
1707 2938 1818 2988 quod

138 2987 184 3023 in
211 2986 301 3026 edd.
330 2990 431 3027 uett.
458 2999 584 3026 uersu
610 2990 663 3029 82
692 2991 759 3028 hic
785 2993 951 3027 seruato
988 3001 1060 3030 uu.
1087 2992 1134 3029 94
1168 2994 1208 3029 et
1234 2992 1284 3029 95
1313 2994 1351 3029 et
1384 2993 1478 3040 post
1503 3002 1544 3030 u.
1572 2990 1623 3030 78
1651 2994 1691 3028 et
1724 2995 1819 3041 post

139 3050 181 3078 u.
200 3039 255 3078 85
281 3042 343 3087 (in
370 3053 449 3090 quo
479 3052 642 3082 necesse
671 3042 725 3085 sit
750 3043 1000 3093 scribebant)
1029 3047 1176 3082 contra
1205 3044 1393 3083 codicum
1420 3042 1543 3091 fidem
1571 3044 1818 3095 interpolati

139 3091 277 3146 suntfl
306 3094 356 3133 83
385 3093 511 3134 nec&
542 3095 599 3132 0*
