2040 3372
847 126 911 173 64,
941 126 1099 165 43—70
1740 127 1798 171 57

261 256 410 318 Ipsius
445 267 488 305 at
522 258 668 315 sedes,
705 272 994 319 quacumque
1030 258 1249 320 opulenta
1284 259 1473 305 recessit

260 323 415 385 Regia,
449 324 645 385 fulgenti
679 324 922 385 splendent
960 339 1072 371 auro
1107 332 1245 385 atque
1280 331 1486 386 argento.

183 397 228 435 45
262 389 437 437 Candet
471 390 588 437 ebur
621 391 760 446 soliis,
797 391 1030 438 collucent
1064 391 1229 453 pocula
1263 405 1463 449 mensae,

263 456 377 503 Tota
413 456 576 504 domus
613 457 781 517 gaudet
814 458 955 518 regali
990 459 1228 520 splendida
1264 471 1387 519 gaza.

261 522 482 569 Puluinar
515 537 630 569 uero
666 523 799 571 diuae
835 524 1013 586 geniale
1051 525 1229 571 locatur

264 589 459 637 Sedibus
494 589 543 636 in
580 590 754 648 mediis,
790 591 899 637 indo
937 592 1058 651 quod
1097 592 1234 637 dente
1269 590 1464 650 politum

263 655 424 702 Tincta
458 656 571 716 tegit
606 670 741 704 roseo
777 658 990 719 conchyli
1024 672 1231 718 purpura
1265 658 1386 703 fuco.

184 729 228 768 50
261 721 385 769 Haec
419 722 562 769 uestis
598 723 761 784 priscis
795 724 1036 771 hominum
1073 724 1244 770 uariata
1279 723 1439 784 figuris

261 788 468 835 Heroum
501 789 615 835 mira
649 790 847 837 uirtutes
883 790 1054 837 indicat
1087 798 1198 836 arte.

262 856 470 916 Namque
504 855 786 903 fluentisono
821 865 1126 918 prospectans
1162 857 1296 903 litore
1332 855 1436 902 Diae

264 921 439 968 Thesea
477 923 719 969 cedentem
754 923 893 970 celeri
929 938 1034 970 cum
1071 924 1213 970 classe
1249 930 1407 969 tuetur

262 987 519 1035 Indomitos
555 989 602 1034 in
640 989 781 1035 corde
815 1004 982 1051 gerens
1017 990 1215 1036 Ariadna
1249 990 1446 1044 furores,

184 1061 228 1099 55
262 1053 467 1101 Necdum
504 1055 640 1101 etiam
674 1070 774 1102 sese
810 1070 926 1116 quae
960 1056 1069 1103 uisit
1102 1056 1251 1103 uisere
1287 1054 1446 1111 credit,

263 1120 321 1167 Vt
354 1127 463 1182 pote
497 1121 644 1167 fallaci
681 1135 798 1182 quae
835 1129 931 1168 tum
969 1122 1170 1183 primum
1207 1122 1353 1168 excita
1388 1135 1553 1168 somno

263 1186 500 1234 Desertam
536 1187 583 1233 in
621 1188 716 1234 sola
752 1188 965 1235 miseram
1001 1203 1050 1235 se
1087 1195 1246 1235 cernat
1280 1189 1466 1234 harena.

262 1253 511 1300 Immemor
546 1260 592 1299 at
626 1254 808 1301 iuuenis
843 1255 1026 1316 fugiens
1061 1255 1190 1315 pellit
1224 1255 1340 1301 uada
1373 1254 1527 1310 remis,

263 1319 396 1365 Irrita
434 1326 653 1367 uentosae
687 1321 906 1381 linquens
939 1322 1167 1383 promissa
1200 1321 1444 1382 procellae.

186 1385 415 1440 60¹Quem
449 1387 614 1447 procul
650 1402 704 1433 ex
739 1387 839 1448 alga
873 1388 1058 1435 maestis
1092 1387 1260 1434 Minois
1295 1387 1452 1434 ocellis

265 1452 407 1500 Saxea
443 1459 495 1498 ut
530 1453 704 1512 effigies
739 1454 1008 1501 bacchantis
1042 1454 1282 1515 prospicit,
1318 1454 1450 1508 eheu,

266 1519 493 1580 Prospicit
528 1525 574 1566 et
609 1520 787 1581 magnis
821 1535 1038 1567 curarum
1074 1521 1265 1567 fluctuat
1299 1520 1450 1576 undis,

263 1585 368 1631 Non
404 1585 523 1632 flauo
562 1586 771 1634 retinens
806 1602 826 1634 s
863 1587 1021 1634 btilem
1058 1587 1232 1634 uertice
1269 1587 1466 1643 mitram,

265 1652 368 1698 Non
405 1659 616 1699 contecta
653 1653 743 1699 leui
874 1661 999 1700 atum
1032 1661 1194 1716 pectus
1228 1653 1410 1707 amictu,

188 1724 232 1763 65
265 1718 369 1764 Non
406 1719 540 1765 tereti
575 1720 781 1781 strophio
817 1720 1028 1767 lactentis
1063 1720 1219 1766 uincta
1254 1719 1460 1781 papillas,

268 1784 433 1832 Omnia
470 1799 585 1845 quae
621 1792 719 1832 toto
757 1786 941 1848 delapsa
977 1802 1001 1833 e
1037 1801 1233 1847 corpore
1268 1786 1438 1846 passim

267 1850 417 1912 Ipsius
453 1858 558 1899 ante
594 1852 732 1912 pedes
768 1853 934 1900 fluctus
969 1853 1075 1900 salis
1111 1853 1404 1899 adludebant.

270 1917 356 1964 Sed
392 1931 543 1978 neque
577 1924 676 1964 tum
711 1919 871 1965 mitrae
908 1934 1060 1980 neque
1095 1928 1193 1965 tum
1230 1918 1450 1965 fluitantis
1486 1917 1677 1965 amictus

270 1983 348 2030 Illa
383 1984 533 2031 uicem
568 1999 737 2032 curans
772 1992 870 2031 toto
908 2001 962 2032 ex
997 1993 1042 2032 te
1077 1992 1281 2047 pectore,
1319 1985 1516 2041 Theseu,

192 2058 236 2096 70
271 2050 387 2097 Toto
423 2051 594 2108 animo,
630 2059 724 2098 tota
760 2052 990 2112 pendebat
1024 2052 1200 2114 perdita
1237 2059 1406 2098 mente.

271 2249 320 2287 43
351 2247 401 2286 ad
430 2247 476 2287 V
498 2250 513 2299 ss
539 2253 714 2299 quacuqa
744 2238 789 2286 V
810 2250 823 2301 Η
851 2248 1067 2300 oppulenta
1093 2248 1149 2287 0*
1175 2246 1189 2300 ΙΙ
1217 2250 1267 2287 47
1289 2247 1479 2288 Pluuinar
1502 2246 1555 2286 0*
1583 2248 1598 2298 11
1626 2249 1677 2288 48
1699 2246 1818 2286 Aedi-

139 2301 213 2340 bus
247 2300 461 2340 Guarinus
495 2303 511 2351 u
549 2303 600 2341 49
630 2300 801 2341 conchili
831 2302 870 2341 V
893 2303 907 2354 ΙΙ
936 2314 1033 2342 suco
1064 2316 1099 2340 ω
1126 2303 1140 2354 ΙΙ
1178 2303 1229 2341 50
1257 2300 1338 2340 Hec
1375 2302 1461 2350 (sed
1489 2314 1509 2354 e
1536 2301 1638 2348 feeit
1662 2302 1708 2350 g)
1741 2300 1786 2339 V
1802 2299 1817 2350 ΙΙ

137 2355 188 2394 52
209 2353 348 2393 fluenti
369 2365 469 2394 sono
493 2353 524 2392 0
544 2354 787 2406 fluentinosq
815 2367 914 2395 sono
936 2356 1091 2405 (onmia
1111 2368 1136 2394 a
1160 2354 1225 2404 G1)
1247 2354 1306 2394 G*
1335 2366 1356 2394 e
1376 2354 1588 2394 fluctisono
1610 2353 1818 2392 Maehlius

178 2407 312 2446 littore
344 2407 375 2446 0
402 2407 416 2459 ΙΙ
444 2407 509 2446 dia
541 2407 572 2445 O
601 2407 679 2459 dya
712 2410 745 2448 G
769 2410 784 2461 ΙΙ
815 2410 863 2448 53
893 2407 1021 2448 Tesea
1053 2407 1110 2447 Ο*
1145 2408 1158 2459 l}
1196 2410 1248 2448 54
1276 2407 1490 2447 Indomites
1523 2407 1578 2445 0*
1606 2407 1621 2459 ss
1655 2406 1817 2445 adriana

191 2461 205 2510 Η
225 2462 274 2500 55
305 2461 432 2500 eciam
455 2460 487 2500 G
506 2463 546 2511 ἶ
568 2462 631 2511 011
651 2473 787 2513 seseqa
817 2462 879 2502 sui
906 2462 966 2500 tui
995 2474 1038 2501 se
1068 2461 1193 2501 credit
1210 2462 1259 2510 V,
1289 2473 1387 2500 corr
1409 2462 1579 2501 Vossius
1597 2461 1610 2510 ΙΙ
1632 2463 1680 2500 56
1702 2459 1816 2498 falla-

138 2512 333 2605 ?l‘JJnZZ}
353 2515 459 2619 {²²35
477 2514 610 2608 {2331
622 2519 735 2617 (5225,
763 2514 890 2608 ἓθὲἶὲ
916 2514 980 2618 gs
993 2513 1705 2620 12¹¹·-iipsssscssri155⁷ssfffnieffie¹¹ss⁰
1720 2516 1817 2604 333¹.

137 2619 347 2670 Bergkius
375 2621 532 2670 eu(h)oe
555 2636 590 2660 ω
617 2622 630 2672 ΙΙ
658 2623 708 2662 62
739 2625 780 2660 et
810 2637 856 2657 ιι*
887 2622 1043 2672 magnis
1070 2626 1108 2670 (e
1137 2625 1198 2660 est
1226 2622 1491 2660 dextrorsum
1520 2621 1686 2668 adrasa,
1715 2630 1816 2657 num

140 2673 221 2711 tin
239 2684 392 2713 rasura
411 2677 469 2713 sit
495 2676 667 2714 dubium
697 2678 768 2722 est,
791 2679 891 2725 post
917 2679 934 2713 t
961 2675 1142 2714 duarum
1169 2676 1349 2714 uuiusue
1379 2675 1613 2712 litterarum
1641 2685 1817 2712 rasura:

141 2725 245 2775 quid
270 2730 396 2765 antea
423 2726 560 2774 fuerit
585 2731 805 2777 incertum)
837 2727 870 2767 G
898 2729 1078 2779 9magnis
1113 2730 1182 2776 (ex
1211 2727 1455 2775 confusione
1487 2731 1684 2766 notarum
1712 2736 1735 2774 9
1765 2744 1817 2759 =

141 2791 217 2818 con
237 2782 278 2817 et
298 2783 455 2830 7=et)
479 2782 510 2820 0
536 2781 550 2833 ΙΙ
580 2783 631 2821 64
658 2783 765 2830 9teta
786 2783 854 2830 (=
874 2784 1077 2828 contenta)
1102 2782 1158 2820 0*
1184 2782 1199 2834 fl
1228 2782 1404 2820 uelatum
1426 2781 1475 2830 V,
1504 2781 1616 2831 quod
1634 2780 1817 2819 correoez'.

142 2831 304 2872 niueum
332 2845 404 2885 per
431 2834 637 2874 Maelzlius
678 2835 693 2886 ΙΙ
734 2837 783 2875 65
813 2835 1000 2873 Isidorus
1037 2837 1191 2885 origin.
1220 2835 1280 2884 49,
1308 2835 1366 2874 55
1394 2834 1616 2885 strophium
1645 2862 1654 2873 .
1685 2863 1695 2873 .
1726 2862 1737 2873 .
1766 2830 1816 2870 de

144 2897 223 2936 quo
253 2886 310 2925 ait
338 2886 460 2926 Cinna
489 2884 686 2939 ‘strophio
716 2888 911 2928 lactantes
941 2888 1068 2927 cincta
1098 2883 1288 2939 papillas’
1319 2887 1335 2939 ΙΙ
1362 2887 1559 2927 luctantes
1587 2886 1776 2926 Muretus
1801 2882 1816 2933 ΙΙ

145 2939 194 2977 66
228 2937 392 2990 delapsa
431 2952 452 2980 e
491 2955 547 2981 w:
591 2941 753 2992 delapse
793 2941 848 2980 Ο*
891 2940 1056 2992 delapso
1094 2941 1128 2980 G
1169 2943 1242 2991 [D,
1283 2941 1446 2991 delapse
1475 2952 1496 2980 e
1526 2940 1560 2979 L
1600 2940 1764 2990 delapso
1795 2948 1817 2975 e

142 2990 348 3042 ABCHA]
392 2993 405 3043 ΙΙ
446 2995 493 3034 67
524 2994 766 3034 adludebant
799 2994 875 3033 0³⁸:
912 2993 1141 3034 alludebant
1173 2995 1206 3034 G
1245 2993 1258 3045 ΙΙ
1302 2996 1350 3034 68
1381 2993 1458 3033 Sed
1498 3006 1630 3044 neque
1659 3007 1694 3033 ω
1733 2990 1819 3040 (Set

146 3043 477 3097 LachmannusJ:
507 3046 682 3099 Sineque
712 3048 751 3087 V
775 3046 789 3100 Η
818 3051 901 3087 tum
929 3070 981 3076 —
1010 3050 1093 3088 tum
1125 3048 1179 3087 G:
1208 3049 1250 3088 tfi
1280 3070 1331 3076 -—
1352 3052 1392 3086 ts)
1425 3047 1480 3086 0*
1509 3046 1521 3096 Η
1551 3049 1601 3088 69
1630 3049 1670 3087 te
1699 3057 1764 3085 om
1788 3042 1818 3080 O
