2040 3372
776 149 864 195 115,
893 147 1064 195 5-116‚
1094 148 1117 186 8
1692 140 1788 187 101.

266 289 289 327 5
322 280 457 328 Prata
491 295 599 328 arua
633 281 836 342 ingentis
870 281 1008 328 siluas
1042 280 1276 341 saltusque
1311 279 1592 341 paludesque

389 347 539 409 Vsque
574 348 628 394 ad
663 347 990 409 Hyperboreos
1025 354 1072 394 et
1103 360 1229 394 mare
1264 346 1320 392 ad
1356 343 1627 393 Oceanum?

324 414 488 462 Omnia
522 428 687 476 magna
723 414 833 460 haec
869 420 1002 471 sunt,
1037 420 1188 460 tamen
1224 413 1367 475 ipsest
1400 412 1622 460 maximus
1656 414 1790 471 ultro,

388 480 491 527 Non
527 481 682 537 homo,
718 481 798 527 sed
832 495 946 527 uero
981 480 1186 527 mentula
1220 493 1385 540 magna
1421 479 1591 526 minax.

119 701 221 756 116
322 700 471 765 Saepe
504 703 584 751 tibi
622 703 826 751 studioso
862 705 1016 751 animo
1051 712 1255 751 uenante
1290 704 1531 765 requirens

387 770 596 817 Carmina
630 771 699 817 uti
733 786 917 832 possem
951 771 1134 817 mittere
1169 770 1414 827 Battiadae,

321 836 410 892 Qui
445 842 490 884 te
525 836 719 883 lenirem
757 837 906 895 nohis,
945 852 1035 884 neu
1073 852 1296 884 conarere

387 903 507 950 Telis
542 903 760 951 infestum
795 904 978 951 mittere
1011 907 1062 951 in
1097 918 1243 965 usque
1279 910 1431 965 caput,

263 977 285 1016 5
321 969 457 1016 Hunc
490 970 626 1016 uideo
662 970 774 1016 mihi
810 985 937 1017 nunc
971 972 1140 1017 frustra
1176 977 1410 1031 sumptum
1437 985 1535 1018 esse
1569 970 1790 1028 laborem,

386 1035 516 1093 Gelli,
554 1050 642 1082 nec
678 1043 857 1083 nostras
891 1036 1001 1083 hinc
1036 1036 1235 1084 ualuisse
1269 1051 1447 1097 preces.

319 1101 490 1149 Contra
526 1117 612 1149 nos
647 1102 734 1148 tela
769 1103 855 1150 ista
888 1110 966 1149 tua
1002 1103 1225 1150 euitamus
1261 1103 1454 1150 amictu:

384 1169 441 1214 At
473 1169 590 1215 fixus
625 1169 798 1216 nostris
832 1175 883 1216 tu
918 1169 1046 1216 dabis
1081 1169 1374 1231 supplicium.

255 1329 277 1367 5
306 1338 453 1365 uersus
471 1328 550 1364 uia:
569 1338 696 1364 sanus
713 1324 729 1378 ss
748 1326 920 1376 ingentis
944 1325 998 1365 0*
1017 1327 1200 1377 ingentes
1224 1326 1257 1366 G
1274 1326 1288 1377 ΙΙ
1317 1327 1524 1378 saltusque
1543 1326 1790 1380 paludesque

118 1379 380 1430 (plaudesque
412 1379 483 1428 O*)
502 1379 547 1418 V
558 1379 655 1427 [BA
677 1379 811 1419 Vatie.
831 1380 946 1429 4650,
974 1380 1180 1431 saltusque
1210 1379 1376 1430 paludes
1396 1380 1439 1418 H
1452 1380 1646 1419 Britann.
1667 1382 1791 1422 44945

116 1433 294 1472 PParis.
307 1433 421 1472 7990.
435 1433 544 1472 8256
560 1431 685 1471 saltus
700 1432 947 1483 paludesque
965 1432 1086 1482 ACL]
1104 1433 1284 1484 altasque
1305 1433 1502 1484 (latasque
1516 1433 1792 1474 Rossbachius

118 1484 325 1537 salsasque
352 1485 562 1535 Bergkius
604 1488 818 1536 uastasque
844 1487 1043 1535 Pleitner)
1078 1486 1244 1537 paludes
1274 1500 1309 1524 ω
1348 1490 1578 1538 tractusque
1606 1488 1792 1537 paludes-

118 1549 196 1590 que
223 1539 503 1578 Baehrensius
519 1537 534 1590 ΙΙ
553 1540 576 1578 6
606 1549 820 1578 occeanum
837 1538 882 1578 V
892 1538 905 1590 ΙΙ
931 1542 952 1579 7
983 1540 1110 1590 ipsest
1127 1539 1441 1578 Froelzliclzius:
1469 1540 1556 1590 ipse
1585 1541 1618 1579 si
1639 1541 1685 1580 V
1703 1542 1791 1592 ipse

117 1603 161 1630 es
190 1606 226 1630 ω
248 1591 543 1630 Lachmannus
585 1592 599 1643 ΙΙ
636 1591 742 1631 ultor
771 1591 815 1631 V
849 1592 990 1631 horum
1018 1594 1227 1631 Auantius
1268 1593 1441 1632 maximu
1483 1593 1607 1633 lustro
1643 1595 1792 1643 (uultur

116 1644 342 1694 Meleager)
371 1644 574 1694 Scaliger.
622 1657 677 1682 an
706 1645 836 1684 alter?
864 1644 878 1696 11
906 1646 927 1685 8
957 1645 1149 1685 mentulla
1182 1645 1240 1685 G*
1268 1646 1450 1685 mencula
1483 1645 1539 1685 0*

247 1710 330 1752 116
358 1709 414 1758 cfi
433 1712 488 1750 ad
516 1724 548 1750 c.
568 1712 644 1751 402
673 1711 685 1757 ΙΙ
718 1714 736 1752 1
770 1711 947 1751 studiose
978 1711 1202 1757 Guarinus,
1230 1716 1368 1751 nescio
1397 1727 1451 1752 an
1479 1718 1591 1752 recte
1617 1714 1631 1767 ΙΙ
1659 1716 1791 1767 requi-

117 1776 180 1804 res
209 1764 254 1804 V
272 1765 288 1816 ΙΙ
316 1766 339 1804 2
369 1763 546 1804 batriade
576 1764 618 1803 V
639 1766 652 1813 ss
682 1766 704 1804 3
736 1762 830 1809 Quis
860 1779 894 1803 ω
923 1765 938 1818 ΙΙ
966 1767 992 1805 4
1021 1765 1123 1805 Celis
1155 1765 1211 1804 0*
1243 1765 1257 1817 ΙΙ
1292 1766 1434 1806 infesta
1465 1767 1790 1820 mitteremusque

118 1818 158 1856 V
195 1815 294 1857 Tela
335 1816 482 1857 infesta
524 1829 655 1856 meum
698 1817 808 1866 (mihi
843 1819 1137 1868 Baehrensius)
1177 1819 1334 1859 mittere
1363 1819 1552 1859 Muretus
1593 1820 1702 1861 Telis
1731 1822 1791 1861 in-

119 1871 263 1910 festum
294 1871 348 1909 mi
377 1871 497 1919 icere,
526 1882 674 1918 musca,
703 1873 822 1921 caput
843 1884 878 1909 ω
906 1870 1016 1911 Telis
1044 1872 1201 1911 infestis
1230 1873 1282 1911 mi
1311 1873 1415 1913 icere
1443 1873 1484 1912 in
1512 1885 1640 1926 usque
1670 1878 1790 1926 caput

115 1922 388 1974 Rossbergius
414 1923 426 1973 ΙΙ
457 1925 480 1963 6
500 1923 564 1962 hic
585 1937 620 1962 ω
649 1923 726 1963 huc
746 1923 934 1963 Muretus
961 1923 975 1977 Η
1004 1925 1178 1965 uoluisse
1201 1925 1257 1964 0*
1283 1925 1296 1975 ΙΙ
1325 1929 1346 1966 7
1378 1926 1615 1967 euitabimus
1644 1929 1788 1968 amicta

116 1977 280 2026 (amitha
313 1975 384 2027 O*)
414 1976 458 2016 V
480 1976 718 2016 euitabimus
753 1977 831 2016 icta
859 1977 1131 2028 Rossbergius
1170 1977 1185 2031 ΙΙ
1229 1980 1252 2019 8
1280 1978 1436 2019 Asfixus
1466 1980 1510 2019 V
1529 1979 1542 2031 ΙΙ
1581 1981 1686 2021 dabi'
1720 1982 1792 2021 uel

118 2030 210 2070 dabi
238 2030 370 2080 uulgo
396 2031 609 2069 scribitur.

251 2084 300 2122 In
331 2082 364 2122 G
392 2084 492 2122 haec
519 2084 768 2133 subscriptio
797 2085 1011 2134 sequitur:

382 2135 555 2186 Explicit
584 2136 729 2175 Catulli
762 2135 1000 2177 Veronensis
1028 2137 1189 2178 libellus
1219 2140 1522 2189 (interstitium)

211 2188 360 2229 Versus
389 2188 539 2228 domini
567 2188 819 2229 Beneuenuti
848 2190 896 2230 de
926 2190 1185 2242 Campexanis
1213 2191 1261 2231 de
1291 2191 1477 2232 Vicencia
1508 2192 1558 2233 de
1585 2204 1695 2233 resu-

504 2243 681 2282 rectione
711 2242 855 2282 Catulli
883 2249 1001 2293 poete
1033 2243 1284 2284 Veronensis.
1308 2262 1316 2285 :
1337 2269 1388 2274 -—

435 2294 497 2335 Ad
526 2296 694 2347 patriam
723 2297 842 2335 uenio
870 2297 1004 2347 longis
1034 2309 1055 2336 a
1085 2296 1230 2338 finibus
1259 2298 1372 2339 exul:

490 2349 615 2387 Causa
644 2349 723 2388 mei
751 2349 903 2389 reditus
932 2350 1149 2401 copatriota
1180 2351 1264 2399 suit,

437 2401 600 2441 Scilicet
628 2414 650 2441 a
680 2401 855 2451 calamis,
885 2403 1024 2442 tribuit
1053 2404 1116 2443 cui
1144 2404 1293 2444 francia
1321 2417 1480 2455 nomen,

488 2453 643 2505 Quique
672 2459 786 2494 notat
815 2456 930 2495 turbe
957 2458 1221 2508 pretereuntis
1249 2459 1334 2498 iter.

435 2505 521 2553 Quo
550 2507 644 2547 licet
666 2508 827 2558 ingenio
857 2516 1032 2549 uestrum
1062 2510 1258 2550 celebrate
1285 2511 1496 2561 Catullum,

486 2560 606 2600 Cuius
634 2561 708 2600 sub
737 2561 871 2601 modio
900 2562 1036 2602 clausa
1063 2564 1225 2615 papirus
1254 2563 1375 2604 erat.*

250 2614 558 2664 (interstitium)
594 2613 655 2652 Tu
691 2614 818 2654 lector
846 2616 1068 2667 quicuque,
1107 2617 1156 2656 ad
1195 2618 1308 2657 cuius
1342 2629 1484 2657 manus
1520 2617 1585 2657 hic
1625 2617 1787 2658 libellus

119 2665 351 2717 obuenerit,
393 2665 585 2718 Scriptori
621 2666 669 2706 da
708 2668 888 2717 ueniam,
929 2670 964 2708 si
999 2669 1071 2708 tibi
1105 2676 1294 2721 coruptus
1324 2671 1536 2711 uidebitur.
1593 2670 1788 2717 Quoniam

251 2809 273 2832 ¹⁸
300 2811 387 2850 Hoc
416 2813 674 2862 epigramma
716 2813 829 2852 deest
868 2816 913 2852 in
945 2814 1122 2855 OACDL
1151 2817 1295 2855 Dresd.
1331 2817 1520 2856 Gudiano
1539 2818 1624 2858 552
1652 2818 1785 2858 Paris.

115 2863 235 2911 8236,
264 2865 373 2904 aliis.
416 2868 462 2904 in
490 2865 574 2913 fine
602 2867 700 2905 libri
728 2867 950 2906 catulliani
977 2867 1132 2918 legitur
1150 2872 1196 2908 in
1220 2869 1292 2909 GH
1309 2870 1415 2908 Brit.
1433 2870 1554 2909 44674
1573 2871 1786 2910 Bria-iano

115 2926 144 2955 Δ
181 2926 248 2956 VII
272 2919 296 2956 4
327 2917 521 2958 Canonie.
548 2921 606 2960 55
633 2920 749 2959 Harl.
779 2920 904 2968 2574,
944 2922 1017 2959 sed
1050 2923 1094 2960 in
1125 2925 1312 2962 omnibus
1342 2926 1515 2973 praeter
1545 2923 1578 2962 G
1603 2926 1694 2962 sine
1719 2926 1786 2962 in-

114 2971 354 3020 scriptione.
397 2984 477 3022 qua
507 2976 652 3011 carent
678 2975 804 3012 etiam
822 2974 905 3012 BA
923 2974 1031 3014 Brit.
1046 2975 1181 3015 44945.
1198 2977 1325 3016 42005
1357 2976 1494 3016 Cuiae.
1514 2977 1645 3016 Paris.
1660 2978 1785 3026 8255,

117 3024 191 3072 qui
216 3024 341 3062 initio
371 3024 527 3064 Catulli
562 3028 820 3076 epigramma
855 3028 1018 3067 habent.
1074 3030 1216 3068 itidem
1250 3031 1375 3068 initio
1407 3029 1561 3069 Catulli
1594 3031 1668 3069 sed
1694 3043 1786 3070 cum

115 3077 388 3127 inscriptione
426 3078 581 3128 legitur
607 3081 654 3118 in
681 3081 716 3118 P
743 3079 845 3122 Gud.
874 3081 957 3120 285
984 3082 1116 3120 Paris.
1143 3083 1254 3124 7990.
1283 3083 1394 3123 8252
1434 3082 1569 3123 Vatie.
1596 3084 1710 3134 4650,
1738 3087 1784 3122 in
