2040 3372
826 173 828 175 ,
873 130 936 178 64,
967 131 1097 173 1-18
1760 140 1820 184 55

145 255 214 311 64
277 256 469 309 Peliaco
506 261 738 322 quondam
773 270 1024 324 prognatae
1059 264 1235 312 uertice
1270 266 1408 326 pinus

278 326 507 374 Dicuntur
541 327 734 388 liquidas
769 329 971 390 Neptuni
1007 345 1140 378 nasse
1175 346 1261 392 per
1295 333 1442 379 undas

277 392 497 440 Phasidos
532 395 586 440 ad
622 395 789 442 fluctus
824 403 870 442 et
903 397 1019 444 fines
1054 404 1242 454 aeeteos‚

278 458 392 505 Cum
427 460 532 506 lecti
565 460 774 519 iuuenes,
809 462 994 523 argiuae
1028 464 1197 510 robora
1230 465 1375 526 pubis,

221 532 243 570 5
276 525 493 572 Auratam
529 533 741 588 optantes
777 527 956 576 Colchis
991 538 1200 576 auertere
1234 531 1399 592 pellem

274 592 384 638 Ausi
418 599 529 639 sunt
561 594 677 640 uada
712 595 827 641 salsa
862 596 948 641 cita
985 596 1230 644 decurrere
1264 598 1410 658 puppi

276 657 464 705 Caerula
499 666 741 707 uerrentes
775 661 982 723 abiegnis
1016 677 1216 723 aequora
1251 664 1427 724 palmis.

273 724 385 771 Diua
422 726 590 786 quibus
623 727 831 775 retinens
865 729 911 774 in
949 730 1140 776 summis
1173 730 1367 777 urbibus
1401 745 1529 778 arces

270 790 375 851 Ipsa
411 792 502 838 leui
538 793 648 839 fecit
681 794 951 841 uolitantem
987 796 1170 842 flamine
1205 811 1393 843 currum

195 862 240 904 10
273 858 412 904 Pinea
449 860 741 920 coniungens
777 861 969 908 inflexae
1005 870 1126 908 texta
1162 864 1360 909 carinae.

271 923 352 970 Illa
386 925 548 972 rudem
584 941 723 974 cursu
758 928 908 987 prima
941 928 1107 974 imbuit
1140 929 1462 991 Amphitriten.

272 989 399 1045 Quae
434 992 569 1039 simul
605 1007 656 1038 ac
691 1000 842 1039 rostro
878 1001 1126 1041 uentosum
1161 995 1384 1056 proscidit
1417 1010 1591 1057 aequor
1647 1022 1650 1025 ·

269 1056 503 1118 Tortaque
537 1059 728 1120 remigio
763 1061 939 1120 spumis
972 1060 1213 1108 incanduit
1246 1062 1384 1118 unda,

270 1122 512 1171 Emersere
546 1112 647 1171 friati
683 1127 896 1172 candenti
934 1141 958 1172 e
993 1128 1172 1187 gurgite
1206 1129 1364 1175 uultus

192 1197 236 1236 15
268 1189 536 1250 Aequoreae
570 1199 829 1238 monstrum
866 1193 1084 1240 Nereides
1118 1195 1409 1242 admirantes.

267 1256 346 1302 Illa
371 1256 404 1318 †
426 1264 563 1318 atque
600 1259 684 1304 alia
719 1259 936 1306 uiderunt
969 1260 1072 1306 luce
1106 1262 1304 1308 marinas
1416 1255 1564 1303 '‘242⁶“ss
1584 1252 1669 1299 cela
1692 1244 2015 1312 “b“wass‘a‘

266 1322 482 1371 Mortales
517 1325 660 1372 oculis
695 1326 866 1372 nudato
902 1340 1099 1387 corpore
1136 1328 1359 1389 nymphas
1428 1306 1707 1419 &asab-ega
1740 1349 1908 1392 „masto

266 1389 506 1437 Nutricum
541 1398 678 1438 tenus
713 1398 920 1438 extantes
956 1407 980 1439 e
1015 1394 1196 1454 gurgite
1234 1409 1366 1440 cano.

266 1532 325 1574 64
355 1535 489 1574 Vnius
515 1547 664 1573 uersus
690 1538 965 1575 interstitium
994 1540 1038 1575 in
1060 1539 1122 1578 V:
1151 1541 1332 1577 inseruit
1356 1537 1599 1589 Argonautia
1626 1551 1671 1588 g.
1720 1540 1807 1578 Hoc

138 1599 304 1626 carmen
330 1587 576 1639 Lygdamus
613 1590 729 1639 apud
760 1589 967 1628 Tibullum
993 1594 1035 1640 5,
1063 1594 1099 1639 6,
1126 1592 1172 1631 44
1202 1594 1412 1643 respeoeit:
1450 1591 1516 1630 Sic
1552 1592 1696 1631 cecinit
1733 1605 1804 1644 pro

135 1643 176 1679 te
204 1640 358 1690 doctus,
386 1640 521 1688 Minoi,
552 1642 729 1681 Catullus
757 1643 903 1693 Ingrati
933 1644 1108 1684 referens
1137 1646 1256 1695 impia
1287 1645 1390 1684 facta
1420 1645 1495 1684 uiri
1532 1643 1547 1696 ΙΙ
1588 1649 1603 1685 l
1628 1644 1803 1685 Pelliaco

139 1694 187 1734 V.
214 1694 377 1733 Marius
396 1694 641 1734 Victorinus
657 1708 697 1745 p.
717 1695 807 1744 425,
826 1698 850 1734 6
872 1696 913 1735 K.
943 1697 1068 1736 ueluti
1087 1696 1263 1737 ‘Peliaco
1285 1721 1332 1726 —
1355 1694 1486 1748 pinus'
1508 1697 1564 1748 112
1587 1699 1749 1748 neptuni
1774 1699 1807 1738 G

132 1745 150 1798 ΙΙ
177 1749 200 1786 3
220 1746 447 1787 Fascidicos
475 1750 578 1793 (sscr
605 1748 653 1786 al’
682 1748 871 1799 phasidos
894 1753 942 1799 g)
974 1750 1007 1789 G
1035 1751 1238 1790 Fasidicos
1262 1751 1293 1789 0
1319 1751 1335 1800 ΙΙ
1363 1753 1511 1790 ceticos
1535 1751 1566 1788 Ο
1596 1752 1657 1798 [A
1674 1751 1804 1792 Laur.

132 1801 204 1850 55,
230 1801 296 1849 42]
326 1801 375 1839 al’
404 1801 590 1840 tetidicos
619 1802 704 1839 add
729 1804 774 1839 in
801 1814 935 1851 marg.
969 1804 1000 1842 0
1028 1804 1182 1844 oeticos
1204 1804 1237 1843 G
1265 1804 1450 1852 [ACHL]‚
1481 1816 1578 1842 corr
1596 1806 1807 1855 Hauptius

130 1857 228 1903 post
253 1854 457 1892 Italorum
484 1854 694 1894 Aeetaeos.
724 1867 779 1893 an
808 1857 994 1895 aeetios?
1020 1856 1034 1907 11
1062 1859 1088 1896 4
1107 1858 1223 1908 pupis
1247 1858 1278 1896 Ο
1297 1858 1444 1908 puppis
1472 1858 1635 1905 (ultima
1664 1859 1804 1898 littera

134 1907 302 1957 adrosa)
334 1906 367 1945 G
392 1907 408 1958 ΙΙ
435 1909 458 1945 5
488 1907 666 1947 cholchis
699 1908 730 1946 O
755 1908 769 1959 ΙΙ
797 1911 821 1948 6
851 1909 970 1964 paida
1001 1911 1106 1950 salsa
1126 1912 1231 1960 (sscr
1251 1911 1366 1961 uada)
1389 1911 1420 1949 0
1446 1908 1462 1961 ΙΙ
1490 1907 1635 1950 decur‘e
1654 1913 1750 1963 pupi
1774 1913 1805 1950 0

131 1970 148 2022 ΙΙ
176 1975 197 2011 7
226 1974 384 2012 ueretes
417 1973 464 2022 V,
491 1985 621 2023 supra
650 1974 735 2012 add
759 1986 779 2012 r
808 1974 984 2014 alteram
1008 1988 1040 2026 g
1077 1976 1091 2026 ΙΙ
1124 1977 1305 2027 abiegnis
1335 1979 1395 2023 (in
1424 1978 1549 2015 tertia
1579 1978 1719 2016 littera
1747 1983 1807 2017 est

131 2029 388 2076 correctura,
415 2024 562 2072 fluerat
579 2039 611 2075 r,
639 2039 735 2066 corr
757 2027 824 2076 θ’)
847 2026 880 2065 G
906 2029 919 2079 Η
947 2031 971 2069 9
1001 2029 1237 2069 uolitantem
1268 2032 1337 2077 (eas
1355 2030 1536 2069 uolutat&
1557 2034 1805 2081 correctum)

132 2079 165 2117 Ο
191 2079 206 2132 ΙΙ
246 2081 415 2127 currum]
453 2083 583 2118 totum
617 2081 868 2119 uocabulum
902 2086 1072 2132 praeter
1107 2084 1300 2122 ultimam
1338 2083 1534 2122 lineolam
1570 2086 1616 2121 in
1653 2097 1804 2125 rasura

133 2160 304 2209 scripsit
334 2158 386 2198 G¹
411 2158 425 2211 ΙΙ
455 2162 503 2199 10
532 2162 635 2199 testa
669 2160 702 2200 G
728 2160 742 2213 Η
773 2164 816 2202 11
848 2143 982 2214 pinam
1011 2163 1078 2210 (=
1106 2163 1289 2214 primam)
1320 2162 1352 2202 G
1380 2154 1485 2214 p9³c351
1529 2166 1569 2200 et
1595 2165 1641 2201 in
1667 2176 1803 2214 marg.

129 2211 291 2263 xprorfi)
316 2211 393 2250 0¹¹²:
421 2215 632 2264 scriptura
653 2216 699 2252 in
720 2219 838 2254 teoetu
858 2217 901 2266 0,
923 2229 1030 2266 quae
1043 2219 1218 2267 proprie
1236 2216 1453 2266 signifieat
1470 2219 1562 2267 post
1582 2228 1682 2266 eam,
1701 2223 1804 2256 nata

129 2291 302 2330 uidetur
334 2292 442 2330 male
475 2293 684 2332 intellecto
725 2297 966 2345 compendio
993 2277 1042 2348 ΙΙ),
1082 2296 1204 2345 quale
1240 2300 1300 2335 est
1334 2298 1380 2334 in
1412 2295 1470 2335 G:
1498 2309 1578 2345 quo
1606 2296 1720 2343 facto
1750 2311 1803 2336 eoe

126 2349 221 2394 post
259 2356 364 2383 mam
392 2347 530 2383 scriba
564 2348 840 2397 inter-potanti
875 2354 967 2399 post
997 2361 1097 2399 eam,
1135 2350 1310 2399 denique
1336 2362 1458 2388 sensu
1494 2350 1575 2387 loci
1609 2350 1803 2389 seductus

126 2398 237 2436 idem
287 2398 451 2436 addidit
499 2401 546 2437 in
596 2411 731 2450 marg.
766 2402 875 2441 illud
908 2414 1086 2453 proram,
1123 2405 1245 2452 quasi
1281 2403 1328 2441 id
1362 2402 1643 2452 reponendum
1685 2408 1800 2444 esset.

128 2464 231 2502 alibi
255 2466 393 2503 scriba
421 2465 521 2503 libri
541 2465 788 2505 Oaeoniensz‘s
815 2468 925 2518 sigla
958 2473 981 2518 ᾗ
1012 2471 1051 2507 et
1079 2465 1131 2518 p9
1159 2469 1268 2520 (prae
1299 2473 1339 2507 et
1365 2470 1470 2519 post)
1499 2471 1610 2507 inter
1636 2482 1679 2507 se
1707 2481 1803 2509 eon-

127 2515 253 2568 fudit‚
283 2516 338 2563 cll
367 2518 425 2556 ad
450 2521 510 2567 64,
538 2520 624 2558 445.
656 2520 745 2560 455.
773 2521 859 2562 494.
894 2521 907 2571 ΙΙ
942 2521 1210 2572 amphitritem
1242 2522 1275 2561 G
1303 2523 1491 2573 aphitrite
1521 2523 1710 2572 (uir-gula
1737 2525 1800 2562 ul-

127 2573 254 2609 timae
281 2570 446 2610 litterae
472 2575 755 2623 superscripta
785 2578 896 2612 certo
926 2575 1211 2626 adgnoscz‘tur,
1240 2587 1491 2626 quamquam
1520 2579 1801 2614 atramentum

119 2635 255 2674 paene
281 2627 469 2668 euanuit)
502 2626 533 2664 0
559 2626 574 2675 ss
600 2626 688 2664 rudi
718 2650 768 2656 —
796 2628 960 2678 primam
991 2628 1151 2667 Statius
1179 2641 1334 2679 proram
1355 2652 1407 2657 —
1429 2628 1669 2679 Amphitrite
1696 2630 1801 2668 Elli-

123 2679 212 2715 sius
237 2675 251 2727 ΙΙ
280 2679 328 2717 12
348 2678 519 2728 procidit
546 2680 660 2727 (inde
678 2692 776 2719 corr
803 2681 994 2730 proscidit
1008 2684 1055 2730 g)
1078 2682 1123 2721 V
1127 2681 1149 2702 *¹
1170 2681 1375 2731 [proscidit
1405 2684 1534 2720 ceteri
1561 2684 1658 2720 boni
1686 2684 1799 2731 libri]

123 2729 139 2781 ΙΙ
167 2731 216 2770 13
243 2729 426 2782 Totaque
447 2732 490 2771 V
502 2731 690 2783 Motaque
709 2734 988 2772 Baehrensius
1023 2733 1038 2786 ΙΙ
1074 2735 1284 2775 incanduit
1310 2735 1351 2784 (d
1379 2736 1518 2773 littera
1548 2735 1699 2774 lineola
1729 2750 1798 2775 ex-

121 2787 301 2833 puncta,
334 2788 383 2822 ut
405 2785 592 2835 uidetur)
625 2785 681 2824 0*
722 2787 899 2826 incanuit
928 2801 963 2825 ω
1003 2786 1017 2838 ΙΙ
1062 2790 1111 2828 14
1138 2788 1228 2828 freti
1265 2788 1499 2827 Schrader:
1534 2788 1608 2827 feri
1648 2789 1692 2828 V
1713 2789 1798 2829 fero

122 2843 233 2881 idem
252 2842 463 2882 Schrader
481 2844 564 2884 fero
585 2844 792 2883 candentis
812 2857 850 2895 g.
871 2845 1147 2884 Baehrensius
1160 2845 1174 2898 ΙΙ
1189 2847 1347 2886 canenti
1369 2861 1403 2885 ω
1418 2845 1431 2898 ΙΙ
1449 2849 1497 2888 15
1526 2841 1628 2897 Εᾷτε
1647 2853 1798 2888 mostru

123 2899 165 2933 et
189 2898 235 2934 in
261 2908 395 2946 marg.
425 2896 473 2935 al'
500 2902 677 2946 mostro4
701 2898 731 2936 0
759 2898 771 2945 ΙΙ
809 2899 1022 2937 {mirantes
1046 2899 1077 2937 O
1115 2899 1130 2951 ΙΙ
1174 2902 1220 2941 16
1250 2904 1370 2950 atque
1400 2912 1465 2938 om
1498 2900 1552 2939 0*
1578 2901 1648 2940 Illa
1677 2906 1797 2953 atque

124 2949 210 2997 (uel
232 2948 398 3000 Illaque)
426 2950 531 2989 haud
560 2951 636 2990 alia
667 2965 702 2989 ω
743 2951 838 2990 Illac
865 2951 1041 3003 hautque
1070 2952 1145 2991 alia
1185 2965 1260 3003 ego
1289 2953 1358 2992 Illa
1389 2954 1422 2992 si
1451 2966 1527 3005 qua
1559 2955 1635 2995 alia
1664 2955 1799 2994 Laeli-

122 3012 300 3040 mannus
326 3002 420 3042 Illac
441 3006 559 3054 atque
588 3005 664 3042 alia
687 3004 850 3043 Statius
876 3004 1007 3055 Atque
1027 3005 1092 3044 illa
1113 3005 1248 3046 uidere
1268 3006 1384 3045 beata
1406 3007 1496 3046 luce
1515 3008 1797 3047 Baelzrensius

121 3053 193 3094 Illa
220 3054 327 3094 felici
353 3055 538 3096 uiderunt
564 3057 727 3096 Riesius
754 3057 767 3109 ΙΙ
794 3057 930 3097 uidere
960 3058 999 3097 V
1022 3058 1036 3110 ΙΙ
1067 3061 1112 3099 17
1145 3060 1250 3099 oculi
1280 3073 1315 3098 ω
