2040 3372
232 148 297 193 34
928 113 991 202 5⁹1,
1021 153 1164 200 3—52‚
1195 153 1218 192 2

434 284 523 339 Qui
558 284 726 333 sedens
760 286 983 334 aduersus
1017 286 1265 334 identidem
1302 292 1348 334 te

432 351 620 414 Spectat
652 359 699 399 ct
733 352 859 399 audit

377 454 398 492 5
433 445 576 492 Dulce
611 445 854 502 ridentem,
890 446 1058 494 misero
1095 446 1219 507 quod
1255 447 1406 495 omnis

432 512 584 574 Eripit
617 527 781 560 sensus
818 513 954 560 mihi:
993 527 1099 560 nam
1135 513 1272 561 simul
1305 520 1366 571 te,

434 578 615 637 Lesbia,
652 579 825 640 aspexi,
863 580 978 627 nihil
1013 586 1082 628 cst
1115 595 1257 642 super
1291 581 1355 628 mi

434 739 613 800 Lingua
649 739 728 786 sed
763 744 933 800 torpet,
968 740 1122 788 tenuis
1157 741 1242 788 sub
1279 747 1405 789 artus

357 814 400 853 10
435 806 636 853 Flamma
671 806 900 864 demanat‚
937 807 1093 854 sonitu
1129 813 1294 869 suopte

434 873 678 920 Tintinant
712 888 858 931 aures,
895 874 1079 935 gemina
1113 880 1336 936 teguntur

435 940 632 987 Lumina
669 947 821 987 nocte.

437 1033 609 1091 Otium,
646 1033 828 1091 Catulle,
864 1034 948 1081 tibi
982 1034 1228 1082 molestum
1265 1041 1358 1083 est:

437 1100 541 1148 Otio
578 1101 753 1148 exultas
788 1101 1075 1164 nimiumque
1110 1102 1265 1163 gestis.

357 1175 400 1215 15
437 1168 594 1215 Otium
631 1175 676 1215 et
710 1183 844 1230 reges
878 1169 1008 1231 prius
1044 1177 1091 1216 et
1125 1169 1281 1217 beatas

410 1235 638 1283 -Perdidit
670 1235 826 1283 urbes.

238 1380 303 1435 52
437 1380 560 1448 Quid
595 1389 678 1440 est,
716 1380 924 1429 Catulle?
961 1382 1070 1442 quid
1104 1382 1301 1430 moraris
1336 1380 1514 1429 emori?

438 1450 558 1496 Sella
594 1450 642 1496 in
680 1449 830 1497 curuli
865 1456 1041 1497 struma
1075 1449 1251 1497 Nonius
1286 1450 1427 1508 sedet,

238 1572 328 1608 τίος
357 1583 425 1608 τοι
461 1564 594 1618 ἱζάνει
630 1569 701 1606 καὶ
738 1565 921 1618 πλησίον
958 1557 1038 1607 ἆδυ
1067 1564 1287 1621 φωνεὺσας
1314 1563 1521 1607 ὑπακούει
1551 1566 1557 1620 Ι
1593 1567 1698 1607 5Καὶ
1724 1565 1923 1623 γελαίσας

238 1619 418 1676 ἱμερόεν,
451 1620 500 1662 τό
528 1636 601 1674 μοι
628 1618 713 1673 μὰν
741 1618 924 1675 καρδίαν
957 1622 1012 1659 ἐν
1032 1620 1241 1671 στήθεσιν
1276 1618 1499 1662 ἐπτόασεν.
1557 1615 1614 1662 ὥς
1640 1634 1688 1660 σε
1718 1619 1800 1676 γὰρ
1826 1619 1921 1672 ἴδω,

238 1678 422 1730 βροχέως
448 1692 501 1728 με
529 1673 675 1729 <pairac
701 1671 824 1714 οὐδὲν
852 1671 915 1714 ἔτ’
944 1675 1066 1714 εἴκει·
1091 1677 1097 1727 Ι
1124 1671 1274 1715 9Ἀλλά
1301 1690 1385 1727 καμ
1413 1676 1492 1726 μὲν
1511 1672 1688 1730 γλῶσσα
1711 1677 1830 1730 ἔαγε·
1858 1673 1923 1716 λε-

239 1727 350 1770 πτὸν
380 1725 424 1769 δ’
459 1725 611 1769 αὐτίκα
638 1728 727 1780 χρῶ
755 1728 841 1782 πῦρ
868 1723 1229 1782 ὓπαὸεδρὸμακεν.
1283 1723 1524 1770 ὄππάτεσσι
1552 1724 1596 1768 δ’
1628 1724 1753 1769 οὐδὲν
1780 1723 1921 1784 ὄρημ’,

241 1781 535 1839 ἐπιρρόμβεισι
555 1780 600 1822 δ’
623 1780 790 1822 ἄκουαι·
816 1786 820 1830 Ι
852 1780 939 1822 ’3Ἁ
958 1779 1008 1821 δέ
1022 1778 1073 1833 μ’
1098 1779 1225 1835 ἱδρὼς
1243 1785 1475 1832 κακχέεται,
1503 1777 1655 1836 τρόμος
1684 1779 1731 1822 δὲ
1758 1786 1922 1824 παῖσαν

241 1834 370 1891 ἄγρει,
399 1835 641 1891 χλωροτέρα
670 1833 717 1875 δὲ
744 1839 867 1875 ποίας
898 1833 1045 1888 Ἑμμι·
1075 1834 1298 1886 τεθνάκην
1326 1833 1371 1875 δ’
1404 1831 1534 1891 ὗλίγω
1560 1833 1750 1888 ’πιδεύης
1776 1839 1922 1889 φαίνο-

237 1905 315 1950 ,ιιαι
335 1888 458 1932 ἄλλα.
499 1890 777 1930 Interstitium
794 1890 844 1941 V,
872 1891 984 1942 quod
1004 1891 1126 1930 titulo
1143 1890 1204 1930 Ad
1226 1891 1394 1930 lesbiam
1414 1891 1644 1941 eoepleuitg
1665 1892 1679 1943 ΙΙ
1709 1894 1729 1932 1
1751 1890 1872 1930 michi
1890 1890 1923 1931 G

240 1953 278 2012 lii
302 1972 346 2021 0,
375 1973 452 2011 hoc
479 1971 600 2011 michi
628 1972 815 2010 mutauit
833 1972 878 2009 in
908 1971 1008 2021 mig
1034 1970 1048 2021 ΙΙ
1075 1971 1203 2022 impar
1234 1971 1279 2012 V
1298 1970 1313 2023 ΙΙ
1340 1972 1362 2010 3
1393 1972 1433 2010 te
1453 1970 1583 2018 omV,
1613 1970 1744 2020 addg
1771 1970 1785 2021 ΙΙ
1811 1972 1837 2010 4
1865 1969 1923 2010 Te

242 2029 395 2077 spectat
424 2026 474 2073 V,
504 2025 616 2075 quod
641 2026 826 2063 mutauit
854 2026 900 2062 in
930 2023 1094 2075 Spectat
1118 2036 1151 2074 g
1191 2024 1206 2077 ΙΙ
1246 2027 1269 2065 5
1296 2024 1525 2075 ¹miseroque
1555 2024 1606 2073 V,
1642 2025 1740 2063 inde
1776 2024 1922 2063 misero

242 2078 393 2131 quodg
418 2077 435 2132 ss
463 2081 485 2118 7
517 2078 648 2131 supini
666 2078 716 2126 V,
744 2078 954 2116 disiunoeit
981 2078 1155 2116 uoculas
1165 2090 1198 2127 g
1225 2077 1241 2131 ss
1268 2079 1290 2118 8
1319 2079 1593 2116 interstitium
1620 2077 1784 2117 nullum
1811 2080 1858 2117 in
1875 2078 1923 2119 V.

241 2132 361 2171 Vocis
390 2132 430 2170 in
459 2143 527 2171 ore
554 2131 766 2182 suppleuit
785 2131 940 2171 Franc.
961 2130 1099 2170 Ritter
1143 2131 1310 2171 Gutture
1338 2131 1450 2170 uocis
1476 2130 1755 2182 Wcstplzalius
1800 2131 1854 2170 mi
1882 2131 1924 2170 in

241 2186 408 2225 Pectore
437 2185 548 2224 uocis
569 2185 750 2223 Pleitncr
780 2184 901 2223 Vocis
931 2185 1078 2224 amanti
1099 2185 1297 2224 Maia-ner
1322 2184 1335 2237 ΙΙ
1367 2187 1414 2224 10
1444 2183 1621 2224 Flamina
1644 2185 1689 2225 V
1707 2186 1722 2238 ΙΙ
1751 2188 1796 2226 11
1830 2183 1925 2225 Tin-

245 2240 344 2279 tiii'at
376 2238 408 2278 G
451 2237 604 2278 Tintiat
635 2239 665 2278 0
707 2238 881 2287 [tintinat
908 2239 954 2277 A
996 2239 1183 2278 tintinnat
1210 2238 1316 2278 ACL
1359 2238 1547 2278 tintinant
1585 2251 1683 2277 corr
1709 2238 1759 2287 L]
1797 2237 1814 2290 ΙΙ
1856 2250 1924 2290 ge-

242 2293 371 2332 minae
410 2293 619 2332 Schrader
669 2293 825 2343 gemina
864 2295 904 2332 et
942 2292 1189 2343 Spengelius
1239 2291 1369 2343 gelida
1407 2292 1699 2332 Baehrens-ius.
1762 2305 1819 2330 an
1857 2303 1926 2343 ge-

242 2347 346 2386 mina
377 2346 621 2396 obteguntur
649 2346 841 2385 Lumina?
868 2349 881 2399 Η
911 2348 958 2387 12
987 2346 1137 2385 Limina
1161 2346 1194 2386 G
1220 2345 1233 2397 ΙΙ
1265 2347 1406 2387 13.14.
1425 2348 1472 2386 15
1503 2345 1652 2394 Ocium‚
1682 2344 1778 2385 Ocio
1802 2346 1850 2396 V,
1878 2348 1924 2384 in

241 2413 282 2440 u.
310 2401 360 2439 45
388 2401 533 2447 fuerat
559 2402 605 2438 in
637 2399 668 2439 G
698 2399 849 2449 Otium,
889 2400 962 2439 scd
987 2403 1172 2439 mutauit
1197 2402 1242 2438 in
1272 2399 1410 2439 Ocium
1435 2412 1468 2450 g
1494 2399 1509 2450 ΙΙ
1541 2400 1588 2440 13
1618 2399 1757 2439 catulli
1788 2399 1822 2439 G
1862 2411 1926 2439 ca-

242 2454 317 2493 tuli
348 2453 391 2493 0.
433 2466 553 2504 saepe
582 2454 819 2492 dubitatum
848 2457 907 2492 est
934 2466 1034 2492 num
1060 2467 1132 2493 uu.
1157 2454 1310 2494 45—46
1340 2453 1569 2492 clausulam
1597 2453 1787 2493 carm-5⁵¹1
1814 2456 1926 2492 recte

243 2506 436 2555 efficiant
461 2506 475 2560 ΙΙ
506 2509 566 2548 15.
598 2508 646 2547 16
675 2507 871 2545 Ieremias
897 2508 1027 2546 iudea:
1055 2508 1104 2546 de
1128 2508 1411 2557 Montagnone
1438 2507 1664 2546 Paduanus
1692 2507 1927 2557 compendii

241 2561 468 2600 moralium
495 2561 744 2599 notabilium
769 2564 880 2611 part.
910 2561 977 2611 III
1010 2562 1102 2600 libr.
1132 2561 1220 2600 IIII
1244 2561 1407 2600 Catulus
1437 2573 1471 2600 c.
1501 2563 1524 2601 5
1550 2556 1706 2600 ‘Ocium
1742 2563 1782 2600 et
1808 2571 1925 2612 reges

242 2615 352 2666 prius
381 2620 422 2653 et
451 2615 588 2654 beatas
618 2614 774 2664 perodit
801 2614 1002 2664 (reddidit)
1033 2615 1151 2654 urbes

375 2667 432 2709 52
462 2669 739 2707 Interstitium
766 2669 812 2705 in
842 2667 890 2717 V,
918 2670 964 2706 in
994 2681 1074 2718 quo
1099 2681 1131 2718 g
1157 2670 1327 2718 scripsit
1352 2666 1392 2706 In
1423 2666 1597 2706 Nouium
1624 2666 1640 2718 ΙΙ
1674 2669 1688 2706 1
1721 2667 1822 2707 mori
1849 2667 1893 2709 V
1911 2665 1926 2720 ΙΙ

247 2723 269 2760 2
300 2721 438 2760 eurulu
471 2721 526 2760 0*
552 2722 567 2772 ΙΙ
598 2720 754 2760 Struma
785 2735 833 2760 ω.
885 2722 999 2772 apud
1030 2723 1210 2761 Marium
1238 2721 1514 2769 Victorinum,
1543 2723 1616 2770 qui
1643 2722 1689 2759 in
1716 2720 1926 2771 lingendis

245 2775 443 2825 exemplis
478 2777 664 2814 metricis
700 2779 763 2813 ter
791 2776 867 2813 hoc
893 2788 1019 2814 uersu
1047 2779 1208 2826 utitur,
1246 2778 1309 2813 ter
1345 2777 1391 2812 in
1430 2774 1642 2813 codicibus
1667 2787 1748 2825 pro
1777 2779 1926 2814 struma

247 2828 403 2877 legitur
423 2828 615 2878 st(c)rofa‚
637 2841 681 2879 p.
703 2829 789 2876 136,
806 2828 913 2868 20I1'.
943 2829 1017 2868 erit
1046 2830 1085 2868 in
1115 2828 1298 2880 exemplo
1328 2839 1468 2868 uersus
1499 2827 1561 2866 hic
1579 2823 1702 2867 ‘Sella
1731 2828 1771 2866 in
1799 2827 1926 2867 curuli

249 2881 375 2920 scrofa
406 2881 561 2921 Nonius
591 2877 737 2929 sedet';
778 2880 832 2928 cf.
861 2883 958 2922 ibid.
986 2895 1028 2933 p.
1056 2883 1145 2931 436,
1167 2883 1234 2923 25.
1265 2881 1354 2929 457,
1379 2882 1415 2921 4.
1470 2881 1667 2920 similiter
1694 2883 1805 2920 hunc
1832 2893 1927 2920 ucr-

245 2947 336 2973 sum
367 2934 535 2974 Caesius
563 2937 735 2985 Bassus,
764 2949 818 2974 ex
846 2948 926 2986 quo
956 2937 1119 2975 Marius
1149 2937 1392 2977 Victorinus
1427 2948 1505 2974 sua
1534 2936 1687 2983 hausit,
1716 2937 1779 2973 ter
1808 2934 1926 2974 adlzi-

247 2990 339 3027 buit
365 3001 468 3027 uera
498 2993 635 3028 tamen
663 2993 874 3039 scriptura
907 2993 1054 3029 struma
1083 2994 1252 3029 seruata
1291 2990 1336 3027 in
1365 2989 1455 3028 loco
1485 2992 1665 3027 ceterum
1697 2990 1744 3027 in
1771 2989 1926 3027 codici-

248 3043 322 3080 bus
345 3045 540 3092 grauiter
569 3046 768 3093 corrupto
793 3056 833 3093 p.
853 3043 944 3092 257,
964 3043 1045 3084 8K.
1102 3044 1213 3083 cuius
1241 3044 1454 3092 (trimetri)
1483 3042 1706 3092 exemplum
1734 3035 1856 3081 ‘Sella
1883 3041 1926 3082 in

249 3095 376 3135 curuli
405 3101 555 3135 struma
574 3095 735 3136 'Nonius
765 3091 908 3137 sedet’.
968 3095 1023 3143 cf.
1053 3097 1213 3136 Plinius
1239 3100 1327 3136 nat.
1357 3097 1450 3136 hist.
1478 3097 1542 3146 37,
1561 3096 1609 3135 84
1640 3107 1808 3147 gemma,
1835 3107 1926 3146 pro-
