2040 3372
846 87 1160 130 TESTIMONIA
1750 85 1845 126 VIIII

319 225 504 273 tullus
557 231 603 271 et
647 224 832 285 Sappho
878 229 925 269 et
957 225 1250 269 Anacreonta
1295 227 1341 267 et
1374 220 1487 267 alios
1521 228 1734 268 auctores
1768 235 1843 268 se-

319 298 455 339 cutus
482 305 577 337 non
607 296 841 351 tamquam
864 289 1031 336 uitiosa
1064 288 1245 344 uitauit,
1279 287 1360 333 sed
1381 293 1617 347 tamquam
1641 287 1843 348 legitima

318 357 516 405 inseruit
684 358 797 412 262,
825 357 911 404 13:
953 357 1046 403 Cae.
1075 356 1154 412 63,
1179 356 1208 401 2
1379 354 1492 410 262,
1522 353 1583 401 19
1620 353 1844 413 (Catullus

321 425 368 470 in
405 425 759 480 anacreonteo):
803 421 896 469 Cat.
932 422 1072 483 frqm.
1110 423 1155 470 6.

158 494 216 540 17
254 496 434 535 PLINIVS
476 495 569 536 nat.
605 488 705 535 hist.
747 489 898 550 praef.
937 490 965 546 ξ
1004 490 1027 536 1
1070 486 1203 547 (Cat
1225 485 1437 532 ullum
1483 491 1845 532 conterraneum

321 557 518 613 meum):
563 554 654 602 Cat.
686 558 727 612 1,
763 557 791 602 3
828 562 871 600 et
908 556 984 611 12,
1013 556 1073 602 17
1246 546 1342 616 [28‚
1372 553 1455 599 19:
1496 551 1591 598 Cat.
1627 551 1766 612 frqm.
1795 547 1843 613 8]

505 623 584 678 36,
621 623 685 670 48
722 620 960 680 (Catulli
999 618 1331 677 Veronensis):
1372 618 1467 666 Cat.
1504 619 1583 675 29,
1621 619 1650 666 3

323 690 549 745 36,154:
581 687 674 734 Cat.
701 690 742 745 1,
762 689 791 734 2
932 687 1011 744 37,
1039 688 1096 736 81
1126 685 1421 745 (Catullus
1445 686 1624 745 poeta):
1666 682 1759 731 Cat.
1783 684 1845 731 52

320 752 576 806 <manans
601 761 803 792 mavors
826 780 836 791 .
866 761 1020 792 sams
1044 760 1260 791 mamers
1283 779 1293 789 .
1322 749 1541 800 airuns).

160 823 219 871 18
260 827 580 872 QVINTILIANVS
622 823 728 867 inst.
771 823 845 877 10,
888 823 930 877 1,
967 821 1031 868 96
1067 819 1247 865 iambus
1284 833 1381 864 non
1417 832 1528 864 sane
1565 832 1590 863 a
1625 815 1848 862 Romanis

323 888 582 935 celebratus
616 892 687 933 est
729 892 783 933 ut
816 885 1059 947 proprium
1097 900 1237 946 opus,
1284 903 1310 930 a<
1339 901 1364 929 *
1392 883 1667 944 quibusdam
1699 882 1848 929 inter-

322 954 516 1016 positus.
575 953 708 1000 cuius
743 952 968 999 acerbitas
1003 952 1052 998 in
1083 950 1345 1006 Catullo,
1381 949 1618 1005 Bibaculo,
1657 948 1848 995 Horatio

325 1055 336 1067 .
364 1056 374 1066 .
401 1055 412 1065 .
448 1020 722 1080 reperietur.
897 1020 939 1074 1,
975 1020 1019 1074 5,
1058 1018 1112 1066 8:
1165 1016 1258 1066 Cat.
1297 1019 1375 1073 97,
1413 1020 1442 1063 6
1622 1018 1662 1072 1,
1699 1018 1746 1072 5,
1785 1015 1848 1062 20

322 1085 563 1145 (Catulli
600 1084 757 1131 nobile
786 1083 1112 1145 epigramma):
1154 1082 1248 1129 Cat.
1276 1084 1339 1131 84
1476 1083 1521 1138 6,
1548 1082 1595 1138 3,
1626 1083 1708 1130 18:
1753 1080 1849 1128 Cat.

324 1154 402 1209 86,
439 1155 470 1200 4
652 1153 697 1208 9,
735 1153 779 1207 3,
820 1152 880 1198 16
923 1149 1215 1208 (Catullus
1261 1149 1308 1195 in
1357 1146 1694 1210 epithalamio):
1754 1147 1847 1194 Cat.

325 1220 403 1275 62,
440 1220 503 1267 45
640 1217 721 1277 †9‚
760 1219 806 1273 4,
846 1219 964 1264 141:
1007 1215 1101 1263 Cat.
1140 1217 1218 1273 29,
1258 1218 1281 1263 1
1421 1213 1535 1274 †11,
1567 1218 1607 1271 1,
1646 1215 1709 1262 38
1747 1213 1849 1274 (ali-

325 1285 429 1346 quis
463 1284 749 1345 poetarum):
793 1283 886 1331 Cat.
924 1284 1003 1331 93.

162 1354 221 1400 19
257 1357 498 1397 MARTIALIS
537 1353 577 1408 1,
607 1351 789 1412 praefi:
824 1349 1064 1396 Lasciuam
1100 1348 1354 1395 uerborum
1388 1347 1657 1402 ueritatem,
1699 1346 1746 1392 id
1782 1352 1852 1392 est

325 1418 690 1479 epigrammaton
726 1416 933 1477 linguam
961 1429 1246 1471 excusarem,
1283 1414 1322 1461 si
1356 1428 1512 1460 meum
1538 1420 1659 1460 esset
1694 1427 1850 1459 exem-

324 1484 478 1546 plum:
525 1483 591 1530 sic
626 1483 786 1530 scribit
822 1482 1115 1538 Catullus,
1152 1482 1219 1528 sic
1254 1481 1456 1538 Marsus,
1494 1479 1560 1526 sic
1597 1479 1746 1535 Pedo,
1784 1479 1851 1525 sic

325 1549 606 1607 Gaetulicus,
643 1550 708 1597 sic
745 1549 1028 1610 quicumque
1064 1548 1320 1609 perlegitur
1459 1549 1500 1604 1,
1530 1546 1584 1593 7:
1626 1545 1721 1593 Cat.
1749 1547 1794 1602 2,
1822 1548 1846 1592 1

492 1615 572 1676 †1‚
611 1617 688 1672 61,
731 1619 752 1663 1
792 1615 976 1662 Verona
1022 1615 1145 1661 docti
1191 1613 1388 1676 syllabas
1427 1618 1550 1660 amat
1584 1613 1718 1670 uatis,
1755 1611 1850 1658 Ma-

325 1698 443 1730 rone
477 1682 585 1729 felix
620 1682 807 1728 Mantua
844 1688 914 1729 est
1086 1684 1127 1739 1,
1170 1682 1262 1729 109
1298 1680 1393 1727 Issa
1439 1686 1509 1726 est
1543 1693 1729 1739 passere
1767 1693 1851 1724 ne-

327 1750 464 1810 quior
500 1749 721 1796 Catulli
866 1749 912 1805 2,
951 1751 1009 1796 71
1051 1747 1100 1793 Si
1136 1747 1323 1807 quando
1361 1761 1416 1793 ex
1452 1745 1625 1792 nostris
1660 1744 1852 1792 disticha

327 1830 476 1877 pauca
510 1815 641 1875 lego,
678 1814 899 1861 Protinus
936 1819 1015 1860 aut
1049 1813 1188 1860 Marsi
1223 1813 1391 1860 recitas
1426 1819 1505 1859 aut
1539 1811 1711 1872 scripta
1748 1811 1853 1858 Ca-

326 1882 465 1928 tulli
611 1883 656 1938 4,
687 1883 761 1937 14,
792 1881 876 1928 13:
928 1880 1022 1927 Cat.
1061 1881 1106 1936 2,
1138 1883 1158 1926 1
1307 1881 1352 1935 5,
1391 1881 1435 1935 5,
1473 1881 1501 1926 5
1541 1878 1609 1925 Sit
1641 1878 1772 1924 locus
1809 1883 1855 1923 et

329 1947 501 1995 nostris
536 1947 687 2007 aliqua
722 1946 802 1992 tibi
840 1954 973 2007 parte
1008 1945 1189 2003 libellis,
1227 1945 1330 2000 Qua
1365 1944 1505 2000 Pedo,
1543 1958 1634 2004 qua
1658 1944 1852 2001 Marsus,

330 2028 513 2075 quaque
559 2012 828 2060 Catullus
874 2013 963 2059 erit
1132 2013 1176 2069 6,
1213 2013 1293 2067 34,
1332 2014 1385 2059 7:
1439 2010 1533 2058 Cat.
1573 2013 1618 2068 5,
1656 2013 1683 2059 7

331 2083 377 2137 7,
417 2083 492 2137 14,
530 2081 584 2128 3:
624 2078 720 2126 Cat.
759 2080 803 2136 3,
846 2081 903 2126 17
1072 2081 1116 2135 7,
1154 2079 1233 2134 99,
1273 2080 1300 2126 7
1338 2078 1433 2124 Nec
1468 2077 1620 2124 Marso
1657 2076 1853 2123 nimium

328 2147 484 2193 minor
527 2152 598 2193 est
634 2144 901 2206 (Martialis)
946 2145 1177 2205 doctoque
1223 2144 1454 2191 Catullo
1625 2145 1671 2199 8,
1707 2144 1786 2200 73,
1824 2143 1853 2191 8

331 2212 526 2275 Cynthia
560 2218 607 2258 te
642 2218 799 2258 uatem
834 2212 959 2267 fecit,
994 2211 1166 2258 lasciue
1201 2211 1430 2272 Properti,
1467 2209 1712 2271 Ingenium
1739 2209 1855 2256 Galli

327 2279 492 2340 pulcra
529 2278 719 2340 Lycoris
766 2284 876 2324 erat.
937 2277 1075 2324 Fama
1122 2284 1191 2324 est
1227 2277 1376 2338 arguti
1410 2276 1618 2323 Nemesis
1653 2277 1858 2322 formosa

329 2345 527 2392 Tibulli:
574 2344 740 2391 Lesbia
782 2344 996 2402 dictauit,
1044 2344 1179 2390 docte
1216 2343 1475 2399 Catulle,
1520 2342 1604 2388 tibi
1781 2345 1855 2398 10,

332 2411 411 2469 78,
442 2414 501 2460 16
536 2411 632 2457 Nec
668 2410 838 2457 multos
872 2410 985 2457 mihi
1021 2411 1255 2471 praeferas
1290 2410 1487 2471 priores,
1521 2409 1620 2455 Vno
1657 2409 1737 2455 sed
1774 2408 1857 2454 tibi

330 2478 418 2525 sim
453 2477 606 2523 minor
643 2477 874 2524 Catullo
1050 2480 1124 2533 10,
1158 2479 1267 2534 103,
1297 2479 1326 2524 5
1362 2476 1457 2522 Nec
1500 2490 1580 2522 sua
1628 2475 1732 2536 plus
1777 2475 1857 2521 de-

331 2544 412 2590 bet
455 2543 585 2590 tenui
620 2543 804 2589 Verona
840 2542 1015 2590 Catullo
1058 2543 1222 2604 Meque
1264 2543 1376 2589 uelit
1422 2542 1654 2588 dici'non
1702 2541 1859 2588 minus

331 2610 408 2657 illa
444 2609 654 2670 (Bilbilis)
692 2624 829 2656 suum
1002 2612 1077 2667 11,
1116 2611 1161 2667 6,
1205 2612 1277 2656 14.
1322 2611 1401 2657 16:
1444 2607 1539 2655 Cat.
1578 2610 1622 2664 5,
1658 2609 1685 2655 7

338 2678 413 2734 12,
439 2679 518 2733 44,
547 2678 575 2724 5
601 2676 767 2723 Lesbia
798 2690 905 2723 cum
940 2682 1103 2723 tenero
1138 2682 1185 2722 te
1219 2684 1378 2736 posset
1413 2688 1566 2721 amare
1603 2674 1856 2731 Catullo,

334 2743 400 2789 Te
434 2749 543 2804 post
577 2743 809 2789 Nasonem
844 2741 1013 2788 blanda
1049 2742 1254 2789 Corinna
1289 2742 1422 2802 sequi
1571 2742 1646 2797 12,
1685 2742 1762 2797 59,
1800 2742 1856 2788 3:

339 2809 432 2856 Cat.
472 2811 516 2865 5,
553 2810 580 2856 7
758 2811 833 2865 12,
872 2809 949 2865 83,
986 2811 1017 2856 4
1062 2809 1250 2855 Derisor
1295 2807 1528 2854 Fabianus
1572 2807 1857 2863 herniarum,

337 2875 511 2922 Omnes
547 2889 686 2935 quem
721 2876 859 2921 modo
897 2874 1014 2921 colei
1050 2875 1275 2921 timebant
1299 2875 1540 2921 Dicentem
1574 2873 1772 2920 tumidas
1809 2873 1857 2919 in

335 2941 609 3003 hydrocelas
657 2941 895 2996 Quantum
947 2955 1035 2987 nec
1080 2942 1171 2988 duo
1217 2941 1427 2988 dicerent
1470 2939 1691 2987 Catulli

344 3011 417 3065 14,
454 3009 543 3060 77:
597 3007 689 3054 Cat.
728 3010 772 3065 3,
814 3009 869 3056 17
1058 3011 1132 3065 14,
1173 3009 1290 3056 100:
1340 3007 1435 3054 Cat.
1481 3007 1621 3067 srqm.
1659 3007 1688 3053 9
