2040 3372
187 118 278 158 XVI

882 117 1196 159 TESTIMONIA

357 259 448 297 XIII
475 253 566 300 kal.
592 259 706 301 secet.
738 269 781 301 α.
811 254 939 302 1374
975 254 1036 300 ad
1074 253 1323 316 Casparum
1361 253 1412 301 de
1446 254 1713 318 Broaspinis
1749 254 1886 303 Vero-

357 334 536 367 nensem
572 319 702 367 haec:
745 321 1050 367 Benuenutus
1097 319 1154 366 de
1190 319 1358 376 Imola,
1401 334 1425 365 a
1463 334 1555 380 quo
1591 322 1794 383 primum
1830 323 1888 369 de

358 393 404 433 te
440 394 569 447 grata
617 387 801 448 accepi,
847 387 1100 448 suggessit,
1149 386 1242 432 imo
1277 386 1494 447 promisit
1527 402 1550 433 a
1587 394 1633 435 te
1668 388 1888 450 impetra-

358 459 515 499 turum
562 461 616 500 ut
650 453 946 515 Propertium
993 454 1038 499 'et
1085 452 1379 499 Catullum
1423 453 1658 501 haberem.
1728 455 1888 503 nescio

356 519 397 566 si
442 520 498 566 de
543 520 633 566 hoc
679 520 878 582 scripsit.
947 520 1044 567 scio
1094 520 1216 580 quod
1262 519 1520 580 interprete
1556 536 1652 567 non
1701 521 1889 583 indigeo

358 593 528 633 tecum.
600 586 726 645 illos,
769 587 806 634 si
850 592 1007 648 potes,
1055 587 1127 633 sac
1161 592 1214 632 ut
1247 586 1427 633 uideam
1631 586 1891 635 Florentiae

365 659 452 697 VIII
484 653 573 700 lcal.
609 661 722 701 secet.
759 670 801 701 a.
845 655 973 702 1374
1020 654 1079 700 acl
1124 654 1464 700 Beneuenutum
1511 654 1563 700 de
1598 653 1769 702 Imola:
1811 661 1890 701 tua

359 720 551 782 epistola
579 720 645 766 nil
669 720 789 766 aliud
815 720 903 766 fuit
928 734 1067 781 quam
1092 734 1223 766 amor
1247 726 1294 766 et
1317 720 1496 776 caritas,
1526 720 1740 782 inprimis
1764 721 1887 782 quod

358 793 577 834 uotorum
602 801 812 833 meorum
840 787 1219 848 diligentissimus
1242 792 1465 833 executor
1488 787 1759 848 dyomianes
1793 787 1890 847 (sic)

358 853 656 914 Propertium
693 853 1097 914 Catullumque
1143 868 1395 914 procuras,
1443 868 1644 914 quorum
1677 855 1790 901 mihi
1825 854 1893 901 nil

358 934 508 980 paene
546 919 634 966 nisi
671 934 843 967 nomen
881 919 1100 967 innotuit.
1171 920 1295 981 quod
1340 926 1394 966 ut
1436 921 1663 981 perficere
1707 921 1892 969 coneris

360 1000 517 1039 exoro,
552 986 722 1048 ingens
757 987 881 1033 enim
918 987 1087 1049 cupido
1124 986 1236 1032 mihi
1273 986 1351 1034 diu
1387 987 1474 1033 fuit
1497 993 1659 1048 poetas
1683 987 1891 1050 aspicere

493 1052 752 1101 Florentiae
785 1061 868 1098 XXI
896 1053 986 1101 kal.
1013 1054 1226 1101 decembr.
1252 1069 1294 1101 a.
1325 1055 1453 1101 1374
1478 1055 1538 1101 ad
1565 1054 1816 1116 Casparum
1841 1055 1891 1101 de

361 1119 629 1181 Broaspinis
671 1119 992 1168 Veronensem:
1039 1121 1078 1167 si
1113 1135 1253 1183 prece
1289 1121 1367 1167 uel
1400 1120 1553 1181 pretio
1590 1121 1889 1182 Propertium

359 1186 416 1232 de
451 1186 731 1234 bibliotheca
767 1188 889 1235 illius
927 1187 1216 1234 celeberrimi
1252 1187 1367 1244 uiri,
1403 1187 1646 1234 Petrarcae
1682 1188 1889 1249 inquam,

357 1279 424 1287 —
442 1268 581 1314 quem
614 1253 751 1301 nobis
780 1254 1070 1302 subtractum
1102 1269 1202 1301 esse
1222 1252 1273 1313 (†
1291 1255 1332 1301 cl.
1349 1260 1471 1298 XVIII
1489 1268 1549 1300 m.
1567 1254 1649 1301 iul.
1669 1269 1710 1301 a.
1728 1256 1889 1313 1374),

359 1320 534 1380 gloriae
569 1326 742 1378 tamen,
778 1328 872 1367 tam
909 1327 1087 1368 certum
1125 1326 1352 1381 quantum
1388 1326 1544 1382 potest
1577 1321 1782 1368 humano
1817 1321 1891 1369 iu-

359 1386 479 1434 dicio
516 1387 818 1448 deprehendi,
855 1388 1047 1436 moleste
1072 1389 1171 1434 fero
1198 1393 1245 1434 et
1268 1387 1461 1434 metrico
1486 1388 1728 1449 opusculo,
1764 1387 1890 1449 quod

360 1453 604 1501 absoluere
641 1455 732 1501 cito
769 1462 821 1501 ut
855 1455 1023 1502 uellem
1058 1455 1311 1516 impedior,
1354 1455 1586 1501 lamentor
1621 1460 1668 1501 et
1700 1455 1890 1519 fleo—-

360 1519 521 1567 haberi
557 1536 694 1583 posse
740 1522 936 1570 confidis
982 1523 1060 1570 uel
1093 1528 1147 1568 ut
1179 1536 1311 1568 meus
1346 1522 1406 1568 sit
1440 1521 1517 1568 uel
1550 1527 1603 1567 ut
1640 1521 1890 1583 exemplari

359 1594 522 1647 queat,
560 1587 789 1649 deprecor
823 1596 875 1635 ut
909 1603 1151 1651 procures.
1221 1588 1538 1645 Catullum,
1575 1603 1713 1649 quem
1749 1589 1890 1636 credo

360 1668 559 1715 paruum
584 1654 807 1713 libellum,
844 1662 923 1702 aut
942 1656 1252 1717 exemplatum
1278 1661 1358 1702 aut
1381 1654 1737 1716 exemplandum
1773 1669 1889 1717 rogo

357 1722 636 1768 transmitte.
683 1728 848 1769 tenent
883 1721 946 1769 ibi
994 1722 1278 1778 Florentini,
1328 1722 1407 1783 qui
1459 1728 1610 1768 totum
1657 1728 1887 1770 terrarum

363 1786 525 1834 orbem
561 1788 866 1836 discurrendo
903 1795 1088 1848 terunt,
1125 1803 1213 1851 pro
1250 1787 1484 1835 mercibus
1519 1788 1791 1850 apothecas:
1839 1789 1887 1836 in

358 1853 492 1901 hallis
527 1869 641 1916 quas
675 1856 855 1902 faciunt
889 1855 1020 1903 illum
1056 1856 1219 1903 iubere
1255 1861 1389 1916 potes
1424 1855 1623 1917 alligari,
1658 1869 1795 1916 quem
1831 1855 1888 1902 ad

358 1935 449 1978 me,
486 1928 539 1968 ut
572 1921 788 1980 arbitror,
825 1922 1028 1970 libenter
1063 1922 1257 1984 quilibet
1292 1921 1555 1970 destinabit.

195 1988 258 2037 68
295 1988 444 2035 scriba
468 1988 578 2035 libri
605 1988 776 2036 Catulli
799 1993 1193 2050 sangermanensis
1215 2004 1350 2036 suum
1385 1988 1694 2051 apographum
1728 2003 1757 2035 a
1788 2003 1887 2036 cor-

361 2057 624 2116 ruptissimo
661 2055 913 2118 ememplari
925 2093 937 2112 ‚
974 2065 1154 2118 praeter
1189 2056 1306 2119 quod
1337 2056 1517 2102 nullum
1553 2055 1736 2103 emtabat
1769 2055 1889 2102 unde

362 2124 536 2183 copiam
556 2121 695 2169 libelli
714 2122 952 2170 catulliani
967 2122 1259 2186 exemplandi
1271 2122 1431 2169 habere
1449 2129 1609 2184 posset,
1636 2124 1887 2184 transcrip-

358 2189 833 2317 {Zssadhssssgwnsis
869 2190 1062 2238 octobris
1095 2205 1139 2237 a.
1168 2191 1294 2238 1375
1340 2187 1537 2236 Veronae
1573 2188 1790 2236 absoluit:
1825 2189 1886 2250 cf.

521 2706 846 2755 SECVNTVR
889 2707 1265 2755 TESTIMONIA
1300 2706 1563 2755 SELECTA

663 2798 742 2838 EX
765 2798 944 2838 ANNIS
970 2798 1414 2839 MCCCLXXV—MD.

195 2920 257 2968 69
302 2919 451 2966 Codeoe
481 2919 652 2968 Catulli
674 2920 954 2968 bibliothecae
989 2923 1305 2969 uniuersitatis
1340 2920 1626 2968 bononiensis
1649 2921 1776 2970 2621
1806 2919 1878 2980 (B)

362 2990 556 3048 scriptus
580 2995 642 3034 est
665 3004 707 3035 a.
737 2989 880 3043 1412,
904 2995 957 3034 ut
979 2995 1167 3051 apparet
1190 3003 1248 3035 ea>
1271 2988 1352 3035 bac
1380 2987 1705 3050 subscriptione
1729 2987 1883 3035 Finiui

363 3069 486 3101 anno
523 3069 554 3099 11
580 3055 894 3102 Pontificatus
930 3055 1150 3103 Iohannis
1173 3070 1301 3102 xxm.
1326 3071 1420 3103 vm.
1445 3055 1534 3102 kal.
1559 3054 1743 3117 Aprilis.
1801 3054 1883 3102 Ri-
