2040 3372
257 76 280 119 1
291 77 317 122 8
936 82 998 130 23,
1029 83 1197 131 26-25,
1228 87 1249 123 7

452 211 511 258 Et
546 213 752 260 sestertia
789 229 906 276 quae
942 215 1061 262 soles
1097 217 1274 278 precari

454 278 649 327 Centum
684 281 863 328 desine:
902 297 1006 328 nam
1043 290 1112 330 sat
1146 298 1189 330 es
1224 283 1399 331 beatus.

249 474 316 529 24
455 475 495 527 0
533 480 611 540 qui
646 480 864 527 flosculus
901 495 946 528 es
980 481 1317 538 quentiorum,

449 545 552 592 Non
590 547 758 594 horum
794 548 947 604 modo,
984 549 1063 595 sed
1101 557 1210 609 quot
1247 557 1324 596 aut
1357 550 1545 598 fuerunt

450 612 540 658 Aut
575 614 766 674 posthac
802 613 900 660 aliis
936 621 1074 661 erunt
1108 615 1155 662 in
1193 616 1342 673 annis,

449 678 627 725 Mallem
666 680 847 727 diuitias
882 680 1028 728 Midae
1064 682 1266 730 dedisses

395 753 416 790 5
453 745 531 792 Isti
569 747 674 806 quoi
710 762 863 807 neque
900 762 1063 795 seruus
1099 755 1168 795 est
1203 764 1355 810 neque
1390 765 1509 808 arca,

451 812 598 866 Quam
634 813 699 860 sic
734 820 779 860 te
816 814 993 861 sineres
1029 814 1084 861 ab
1121 815 1198 861 illo
1235 817 1390 862 amari.

443 873 589 932 ‘Qum
625 895 720 926 non
759 887 827 927 est
861 881 999 927 homo
1036 875 1239 928 bellus‘?'
1280 882 1476 944 inquies.
1530 891 1621 931 est:

447 945 535 992 Sed
571 945 692 993 bello
730 947 837 994 huic
874 963 1026 1008 neque
1062 963 1225 995 seruus
1261 956 1329 996 est
1365 965 1516 1011 neque
1553 965 1672 997 arca.

444 1011 544 1058 Hoc
576 1019 626 1059 tu
664 1014 929 1074 quamlubet
962 1015 1090 1062 abice
1126 1015 1369 1077 eleuaque:

369 1085 413 1124 10
448 1078 542 1125 Nec
578 1094 763 1126 seruum
802 1089 955 1128 tamen
992 1082 1066 1128 ille
1102 1081 1240 1129 habet
1275 1098 1427 1144 neque
1465 1099 1630 1131 arcam.

249 1274 315 1327 25
454 1275 656 1326 Cinaede
692 1279 864 1336 Thalle,
901 1281 1083 1327 mollior
1119 1282 1321 1329 cuniculi
1359 1283 1520 1344 capillo

448 1343 527 1391 Vel
565 1346 740 1392 anseris
776 1347 1020 1394 medullula
1056 1348 1132 1394 uel
1168 1349 1304 1395 imula
1340 1349 1509 1396 oricilla

445 1410 527 1458 Vel
562 1426 681 1473 pene
717 1412 937 1474 languido
974 1415 1096 1462 senis
1132 1415 1316 1477 situque
1352 1430 1593 1474 araneoso,

446 1477 665 1539 Idemque
701 1479 859 1526 Thalle
895 1481 1078 1528 turbida
1113 1483 1324 1543 rapacior
1358 1483 1574 1544 procella,

390 1552 412 1589 5
449 1544 560 1591 Cum
597 1544 629 1605 †
664 1546 769 1592 diua
805 1547 972 1594 mulier
1006 1549 1124 1595 aries
1162 1549 1362 1596 ostendit
1398 1550 1659 1607 oscitantes,

443 1610 641 1659 Remitte
677 1613 864 1674 pallium
903 1614 1014 1661 mihi
1050 1630 1220 1672 meum,
1259 1616 1383 1677 quod
1417 1617 1646 1674 inuolasti‚

444 1677 782 1741 Sudariumque
819 1681 1054 1728 saetabum
1092 1683 1487 1744 catagraphosque
1521 1684 1714 1745 thynos,

383 1849 433 1888 26
463 1850 699 1901 sesterciaqs
723 1851 754 1888 0
783 1851 975 1890 sextercia
1003 1863 1080 1903 que
1103 1851 1134 1891 G
1162 1851 1176 1904 Ι]
1205 1853 1253 1892 27
1275 1852 1373 1892 satis
1392 1853 1533 1892 beatus
1557 1853 1601 1893 V
1619 1853 1700 1892 iam
1720 1852 1816 1893 satis
1835 1853 1928 1893 bea-

247 1903 312 1941 tus
341 1902 521 1953 Heysius
563 1903 658 1943 satis
687 1904 843 1944 beatu’s
871 1905 1078 1955 Bergkius

382 1953 442 1996 24
468 1956 746 1995 Inter-<titium
774 1957 935 1996 nullum
965 1958 1009 1998 V
1029 1959 1044 2010 ΙΙ
1075 1962 1090 1998 1
1125 1962 1186 1998 est
1207 1959 1245 1998 V
1271 1957 1284 2009 ΙΙ
1313 1959 1585 1999 iuuenciorum
1610 1960 1641 1998 0
1668 1957 1684 2011 ΙΙ
1710 1961 1734 1999 2
1764 1958 1870 2011 quod
1891 1959 1930 2000 V

242 2005 259 2060 11
287 2010 312 2047 4
331 2007 461 2048 Midae
477 2008 656 2049 dedisses
675 2011 866 2050 Vossius.-
886 2012 939 2049 mi
956 2011 1185 2051 dededisses
1205 2012 1260 2050 O*
1289 2012 1341 2051 mi
1363 2012 1541 2052 dedisses
1560 2012 1592 2052 G
1617 2011 1633 2066 ΙΙ
1652 2014 1675 2052 5
1698 2012 1765 2064 qui
1785 2012 1849 2063 (al’
1865 2012 1927 2053 cui

242 2074 332 2100 sser
356 2062 402 2112 g)
433 2074 563 2113 neque
598 2063 664 2111 (al’
692 2075 766 2103 nec
803 2076 892 2102 sscr
915 2065 962 2114 g)
994 2064 1026 2104 G
1062 2065 1142 2116 [qui
1182 2077 1313 2116 neque
1341 2066 1401 2114 A]
1438 2066 1504 2118 qui
1539 2077 1612 2105 nec
1645 2066 1676 2104 O
1714 2065 1886 2116 [ACHL]
1913 2064 1929 2116 ΙΙ

242 2114 360 2154 archa
392 2113 468 2207 Ghss
496 2119 517 2155 7
549 2115 652 2162 Quid
684 2117 738 2155 0*
765 2117 781 2170 ΙΙ
812 2119 834 2157 8
864 2117 979 2157 archa
1014 2119 1058 2158 V
1074 2118 1090 2171 ΙΙ
1118 2120 1140 2158 9
1170 2117 1251 2157 nec
1283 2118 1340 2157 G*
1369 2119 1465 2167 [Nec
1492 2119 1547 2167 D]
1571 2117 1588 2172 ΙΙ
1619 2130 1695 2170 qua
1726 2119 1838 2159 lubet
1869 2119 1926 2159 G*

285 2170 333 2207 10
363 2180 427 2207 arc
457 2180 520 2207 am
550 2170 595 2208 V

240 2166 254 2219 Η
373 2220 431 2264 25
460 2223 737 2261 Interstitium
765 2224 927 2262 nullum
955 2224 1005 2264 V.
1046 2223 1107 2263 Ad
1137 2223 1293 2263 Tallum
1318 2237 1351 2275 g
1379 2227 1424 2263 in
1451 2237 1586 2276 marg.
1606 2224 1620 2278 ΙΙ
1656 2227 1674 2264 1
1707 2223 1820 2264 Talle
1849 2224 1887 2264 V
1911 2223 1926 2275 Η

241 2276 265 2315 2
295 2274 511 2315 medullula
545 2276 620 2315 0*.·
649 2276 821 2316 medulla
842 2277 875 2316 G
904 2277 1090 2325 [medulla
1119 2277 1154 2316 L
1177 2290 1259 2328 pr„
1289 2291 1384 2318 corr
1411 2291 1463 2318 m.
1492 2282 1586 2328 seen]
1614 2278 1629 2332 ΙΙ
1659 2277 1796 2318 imulla
1828 2278 1926 2327 0[L]

240 2326 435 2380 'l‘oiicilla
464 2329 678 2380 Scaliger:
715 2330 911 2370 moricilla
943 2330 975 2370 G
1003 2331 1192 2371 moricula
1226 2332 1268 2371 0.
1324 2330 1504 2379 fortasse
1532 2333 1588 2372 ad
1623 2333 1733 2370 hunc
1759 2343 1924 2372 versum

240 2381 392 2422 alludit
421 2382 502 2424 Cic.
520 2384 578 2422 ad
592 2384 637 2432 Q.
653 2383 884 2435 fr.2,43,4
912 2396 975 2424 me
993 2387 1108 2425 ...et
1139 2397 1226 2424 esse
1257 2388 1296 2424 et
1325 2385 1408 2426 sore
1437 2385 1612 2426 auricula
1641 2384 1791 2425 infuma
1819 2385 1921 2425 scito

238 2435 463 2476 molliorem
491 2435 504 2489 ΙΙ
534 2439 556 2478 3
586 2439 797 2477 arf-moroso
827 2437 858 2476 G
886 2438 952 2486 (al'
981 2450 1173 2478 araneoso
1206 2440 1252 2477 in
1278 2451 1413 2489 marg.
1444 2439 1529 2478 add
1549 2440 1596 2489 g)
1625 2440 1835 2479 aracoroso
1866 2438 1923 2478 0*

241 2491 467 2537 [arficoroso
497 2491 726 2540 (aranaroso
758 2493 803 2542 P)
831 2491 882 2529 al’
910 2503 1101 2531 araneoso
1129 2493 1212 2540 BP]
1241 2491 1255 2545 ΙΙ
1281 2494 1306 2532 4
1335 2492 1430 2532 talle
1463 2492 1495 2531 G
1522 2493 1602 2532 tale
1626 2492 1657 2531 O
1684 2490 1698 2543 ΙΙ
1727 2494 1749 2531 5
1778 2491 1924 2543 ιιιΙἰ·,ὀ-

238 2542 317 2582 ries
345 2543 376 2582 0
404 2543 545 2584 mulier
573 2544 675 2583 alios
703 2545 762 2594 (in
783 2557 806 2584 o
837 2545 980 2583 littera
1010 2545 1174 2595 aliquid
1202 2558 1365 2585 erasum
1385 2549 1426 2584 et
1444 2549 1698 2584 correctum:
1725 2544 1923 2592 fueratne

240 2595 381 2648 aliesr)
411 2597 443 2636 G
471 2599 516 2636 in
546 2601 689 2648 teoetu,
717 2598 791 2636 sed
816 2600 901 2636 iam
924 2600 1066 2649 prima
1094 2611 1243 2638 manus
1269 2600 1473 2638 uocabulo
1501 2599 1602 2638 alios
1629 2600 1922 2651 superscripsit

235 2650 487 2690 uocabulum
517 2651 631 2701 aries,
659 2651 772 2701 quod
797 2653 842 2689 in
872 2663 967 2691 aues
995 2654 1179 2691 mutauit
1200 2665 1245 2703 g,
1272 2652 1400 2691 simul
1425 2656 1522 2691 ante
1551 2653 1627 2692 hoc
1655 2664 1750 2692 aues
1777 2655 1919 2692 notam

240 2701 291 2740 al'
319 2707 360 2741 et
384 2708 480 2754 post
506 2717 548 2744 u.
569 2716 664 2744 aues
691 2706 820 2743 uerba
848 2704 902 2744 ul'
923 2705 1024 2745 aries
1053 2706 1138 2744 add
1150 2718 1183 2756 g
1213 2705 1367 2754 [mulier
1395 2717 1490 2745 aues
1515 2705 1736 2746 ABCDHL
1764 2707 1848 2757 (hie
1873 2708 1918 2744 in

237 2767 373 2805 marg.
403 2757 452 2795 al’
482 2758 587 2798 arios
616 2771 641 2797 a
667 2770 719 2797 m.
738 2759 822 2809 pr.)
850 2759 909 2807 A]
937 2757 951 2810 ΙΙ
980 2759 1164 2798 ostendet
1184 2759 1229 2799 V
1240 2759 1309 2808 [D]
1338 2759 1433 2797 inde
1460 2758 1563 2806 feeit
1591 2759 1767 2799 ostendit
1789 2771 1823 2809 g
1849 2759 1918 2808 (an

241 2807 333 2859 G¹?)
363 2810 554 2858 [ostendit
583 2813 709 2851 ceteri
736 2813 847 2860 boni]
881 2811 896 2863 ΙΙ
925 2813 1168 2852 οειείῑεῐιῐεε
1196 2813 1231 2860 (s
1259 2812 1399 2851 littera
1428 2825 1560 2863 erasa,
1594 2814 1640 2851 in
1668 2825 1689 2852 c
1719 2825 1816 2852 corr
1842 2811 1918 2850 ali-

238 2863 343 2912 quid
365 2864 411 2914 g)
444 2863 500 2902 G*
530 2865 767 2905 ossistantes
797 2864 864 2904 0*.
920 2878 1069 2904 uersus
1095 2865 1279 2905 nondum
1307 2869 1492 2914 sanatus,
1522 2879 1547 2904 a
1574 2878 1660 2905 non
1687 2865 1815 2905 nullis
1839 2877 1942 2915 pro,

235 2917 382 2966 spurio
417 2917 594 2958 habitus.
650 2918 897 2958 mulierarios
926 2920 1134 2970 Hauptius
1179 2918 1272 2958 luna
1302 2919 1549 2959 mulierarios
1578 2920 1618 2958 H
1667 2921 1754 2958 sius
1780 2929 1917 2957 mune-

234 2969 366 3009 rarios
393 2969 686 3010 Lachmannus
728 2971 952 3011 balnearios
980 2971 1140 3011 Riesius
1165 2972 1181 3026 n
1209 2975 1230 3011 7
1262 2971 1470 3012 Sudarium
1497 2975 1523 3023 q
1554 2972 1611 3011 G*
1681 2971 1934 3012 saethabum·

238 3021 299 3061 G*
329 3022 537 3063 sathabum
571 3025 602 3062 O
628 3025 642 3076 ΙΙ
670 3024 1007 3077 cathagraphosqa
1037 3026 1173 3066 thinos
1203 3025 1241 3065 V
1268 3025 1632 3077 chirographosque
1662 3025 1854 3076 Scaliger
