2040 3372
800 129 861 176 12,
891 129 1035 177 3—13‚
1069 129 1116 166 12
1731 126 1787 170 11

319 262 458 310 Tollis
493 262 630 309 lintea
668 260 1079 322 neglegentiorum.

318 329 416 376 Hoc
452 329 618 375 salsum
657 343 755 374 esse
791 325 959 388 putas?
995 326 1111 386 fugit
1145 333 1203 383 te,
1240 326 1422 388 inepte:

262 405 284 441 5
320 394 539 449 Quamuis
574 394 757 442 sordida
790 408 864 440 res
900 400 945 439 et
981 393 1227 439 inuenusta
1263 400 1343 440 est.

318 461 419 507 Non
457 461 604 508 credis
638 458 783 506 mihi?
819 461 954 506 crede
990 459 1186 505 Pollioni

319 527 480 584 Fratri,
518 528 595 588 qui
629 533 705 574 tua
740 527 862 573 furta
896 526 971 572 uel
1005 526 1176 572 talento

318 593 483 640 Mutari
518 594 652 640 uelit:
690 600 757 640 est
794 593 916 639 enim
953 593 1162 653 leporum

321 659 542 723 Differtus
576 674 694 721 puer
728 674 780 705 ac
815 659 1095 705 facetiarum.

240 733 283 772 10
318 726 468 780 Quare
504 734 581 773 aut
616 725 1020 787 hendecasyllabos
1054 732 1286 772 trecentos

316 792 517 854 Expecta
554 800 631 840 aut
665 793 776 839 mihi
811 792 1002 839 linteum
1038 791 1234 848 remitte,

319 858 450 913 Quod
489 875 561 906 me
597 874 691 906 non
730 865 888 905 mouet
922 858 1255 905 aestimatione:

317 926 483 972 Verum
521 933 589 973 est
622 940 973 986 mnemosynum
1011 925 1099 970 mei
1135 924 1314 971 sodalis.

317 992 427 1038 Nam
465 992 645 1040 sudaria
681 991 861 1039 saetaba
900 1006 954 1037 ex
990 991 1200 1037 Hibereis

241 1065 282 1103 15
319 1058 543 1106 Miserunt
577 1058 689 1104 mihi
723 1057 902 1104 muneri
939 1056 1156 1103 Fabullus

316 1124 374 1170 Et
409 1124 654 1171 Veranius:
691 1124 804 1169 haec
840 1138 986 1170 amem
1021 1136 1210 1168 necesse
1246 1130 1312 1167 est

322 1189 374 1236 Vt
409 1190 702 1238 Veraniolum
739 1204 892 1236 meum
929 1198 974 1236 et
1010 1188 1263 1235 Fabullum.

117 1425 183 1479 13
316 1426 515 1479 Cenabis
550 1430 684 1484 bene,
720 1429 782 1475 mi
817 1428 1018 1485 Fabulle,
1055 1429 1173 1488 apud
1210 1442 1282 1474 me

315 1497 491 1554 Paucis,
528 1497 565 1543 si
599 1496 681 1543 tibi
718 1495 777 1542 dii
814 1496 984 1550 fauent,
1021 1494 1194 1551 diebus,

314 1563 362 1609 Si
398 1572 550 1610 tecum
585 1562 790 1610 attuleris
825 1562 994 1608 bonam
1033 1570 1167 1621 atque
1206 1575 1416 1622 magnam

315 1630 498 1687 Cenam,
536 1645 631 1676 non
669 1629 768 1675 sine
806 1628 995 1674 candida
1034 1627 1182 1688 puella

260 1704 281 1741 5
316 1696 373 1743 Et
407 1697 519 1743 uino
556 1704 602 1742 et
637 1696 728 1742 sale
766 1702 810 1741 et
846 1694 1061 1741 omnibus
1097 1693 1348 1740 cachinnis.

314 1763 439 1809 Haec
474 1764 526 1819 si,
563 1766 769 1822 inquam,
806 1761 1026 1816 attuleris,
1066 1767 1260 1807 uenuste
1298 1767 1470 1814 noster,

315 1829 510 1876 Cenabis
545 1829 687 1874 bene:
725 1841 828 1873 nam
865 1828 930 1873 tui
968 1825 1128 1872 Catulli

313 1895 483 1942 Plenus
518 1895 728 1941 sacculus
764 1900 831 1940 est
867 1906 1152 1939 aranearum.

315 1962 403 2008 Sed
441 1967 601 2008 contra
638 1961 834 2020 accipies
869 1974 1021 2005 meros
1056 1972 1234 2004 amores

236 2034 280 2073 10
315 2028 407 2074 Seu
444 2028 553 2088 quid
586 2027 772 2074 suauius
808 2025 1122 2086 elegantiusue
1159 2031 1249 2070 est:

313 2095 426 2140 Nam
461 2100 751 2155 unguentum
787 2092 921 2149 dabo,
960 2091 1083 2152 quod
1117 2104 1245 2137 meae
1282 2089 1460 2151 puellae

313 2161 555 2208 Donarunt
589 2160 790 2206 Veneres
826 2159 1182 2220 Cupidinesque,

248 2319 270 2357 3
307 2317 653 2367 neglegenciorum
687 2315 741 2354 0*
776 2314 1108 2366 negligentiorum
1140 2313 1173 2353 G
1209 2313 1223 2366 ΙΙ
1258 2315 1282 2352 4
1311 2312 1457 2352 salsum
1494 2314 1597 2361 <aser
1634 2313 1682 2352 al’
1718 2313 1791 2353 sal-

114 2382 201 2410 sum
227 2372 275 2420 g)
303 2372 348 2410 ἔὲ
380 2370 412 2409 G
439 2369 582 2409 falsum
615 2369 662 2408 al'
692 2369 838 2408 salsum
868 2369 916 2407 ff
946 2369 1100 2415 (omnia
1128 2369 1173 2405 in
1203 2368 1336 2416 temtu)
1369 2365 1399 2404 0
1429 2365 1586 2414 [salsum
1617 2368 1757 2416 ceteri]
1776 2367 1790 2416 Η

116 2426 137 2464 '7
167 2423 270 2462 Fra?
304 2423 359 2462 0*
387 2424 440 2472 (Ιι.
470 2436 501 2463 e.
522 2423 671 2472 Frater)
699 2421 714 2473 ΙΙ
742 2424 763 2462 8
793 2422 924 2461 uoluit
946 2421 1001 2459 0*
1029 2419 1042 2471 ΙΙ
1071 2423 1094 2461 9
1122 2419 1307 2459 Differtus
1335 2420 1611 2458 Passeratius:
1641 2419 1790 2460 Disser-

115 2480 179 2517 tus
203 2476 258 2513 0*
286 2475 463 2516 Disertus
487 2476 518 2515 G
545 2477 675 2525 uulgo
705 2479 716 2525 Η
748 2477 795 2515 10
825 2475 972 2514 endeca
1001 2474 1166 2514 sillabos
1194 2473 1231 2513 V
1258 2474 1498 2522 (coniunxit
1511 2474 1557 2523 g)
1585 2472 1599 2526 ΙΙ
1630 2474 1677 2514 12
1705 2485 1789 2513 mo-

114 2533 183 2570 net
214 2529 270 2568 0*
296 2529 310 2582 ΙΙ
339 2529 596 2569 extimatione
629 2529 673 2568 V
701 2530 714 2579 ΙΙ
755 2530 802 2568 13
833 2533 893 2567 est
921 2539 1037 2567 nemo
1066 2528 1194 2566 sinum
1227 2526 1260 2565 G
1298 2537 1413 2565 nemo
1443 2528 1503 2564 est
1533 2526 1660 2566 sinum
1693 2526 1748 2565 0*
1776 2526 1789 2577 Η

49 2626 56 2633 ,
109 2587 209 2634 post
233 2594 559 2635 mnemosynum,
588 2595 672 2620 non
698 2585 792 2632 post
819 2580 967 2620 sodalis
994 2582 1260 2629 interpunxit
1287 2580 1563 2618 Baehrenstus
1581 2578 1613 2632 ,ΙΙ
1655 2580 1700 2620 14
1729 2591 1790 2619 se-

115 2636 236 2676 thaba
268 2635 300 2675 G
329 2637 459 2676 sataba
493 2636 547 2674 Ο*
576 2637 694 2683 (ssz
720 2634 804 2683 sed)
831 2633 845 2686 ΙΙ
873 2633 1058 2673 exhibere
1088 2633 1125 2673 V
1151 2631 1165 2684 ΙΙ
1195 2636 1243 2673 15
1272 2631 1490 2672 Μί*56τι]ηῐ
1518 2631 1677 2679 (fuerat
1696 2630 1788 2672 Mis—

116 2690 267 2738 serunt)
289 2689 321 2728 G
348 2689 361 2740 ΙΙ
390 2689 540 2729 numeri
557 2689 597 2728 V
621 2701 708 2727 sser
736 2688 784 2726 al’
814 2687 967 2726 muneri
990 2686 1040 2726 G¹
1070 2686 1234 2735 [numeri
1263 2687 1323 2734 (in
1350 2697 1484 2734 marg.
1510 2684 1528 2724 1
1556 2686 1723 2734 muneri)
1746 2686 1789 2734 C]

112 2740 129 2794 ΙΙ
158 2744 207 2782 16
237 2742 364 2781 ameni
382 2742 426 2782 V
444 2742 601 2791 [almeni
626 2741 974 2781 HVaticanAOEO
1003 2752 1129 2779 amem
1160 2741 1300 2787 ceteri]
1326 2741 1340 2788 ΙΙ
1370 2739 1470 2778 ῃοῖίό
1490 2739 1521 2777 O
1547 2737 1562 2788 ΙΙ
1594 2741 1641 2780 17
1670 2739 1720 2779 Et
1741 2739 1790 2779 V.

116 2797 226 2834 hune
252 2807 419 2834 uersum
448 2794 516 2844 (efl
547 2797 670 2834 etiam
698 2795 757 2843 47,
784 2795 828 2844 5)
855 2796 1038 2844 respexit
1064 2794 1224 2832 Plinius
1253 2796 1338 2831 nat.
1367 2794 1461 2831 hist.
1487 2790 1624 2842 praef.
1646 2792 1691 2831 4.-
1720 2791 1788 2832 ille

115 2849 359 2898 (Catullus).
378 2879 388 2890 .
405 2848 727 2889 ..duriusculum
757 2859 800 2886 se
829 2846 924 2886 fecit
953 2858 1070 2898 quam
1097 2846 1260 2886 uolebat
1280 2845 1495 2885 existimari
1523 2857 1545 2884 a
1566 2845 1789 2885 veraniolis

116 2901 199 2941 suis
227 2906 267 2941 et
295 2900 481 2941 Fabull'1s.
525 2901 579 2949 cll
606 2914 736 2951 supra
765 2901 822 2939 ad
847 2901 883 2947 4,
906 2899 931 2938 2

245 2953 300 2996 13
327 2955 603 2994 Interstitium
623 2955 682 2994 V:
710 2955 888 2992 inseruit
915 2951 975 2991 Ad
995 2952 1202 2992 Fabullum
1219 2965 1250 3002 g
1277 2951 1291 3003 ΙΙ
1323 2954 1341 2992 1
1373 2951 1519 2991 Enabis
1540 2954 1699 3002 (prima
1725 2951 1792 2989 lct-

117 3009 206 3045 tera
233 3010 449 3047 miniatori
474 3009 703 3057 reseruata)
737 3006 790 3046 Ο*
816 3005 830 3058 ΙΙ
858 3009 881 3046 6
909 3017 1083 3056 unquam
1114 3006 1158 3046 V
1176 3005 1190 3058 ΙΙ
1219 3008 1240 3046 8
1271 3004 1429 3044 saculus
1459 3006 1504 3045 V
1522 3004 1536 3056 11
1564 3006 1587 3045 9
1615 3016 1727 3044 meos
1760 3004 1791 3043 0

118 3062 269 3110 [meaos
299 3061 346 3109 L]
373 3059 388 3110 ΙΙ
419 3064 466 3101 10
497 3061 563 3112 qui
594 3061 636 3100 V
657 3073 743 3099 εει-ν
771 3060 818 3098 al'
849 3059 912 3109 qd’
936 3071 968 3108 g
995 3060 1008 3111 ῃ
1037 3059 1374 3110 [elegantiusqsue
1403 3063 1464 3099 est
1492 3059 1550 3106 A]
