2040 3372
849 117 912 167 62,
940 117 1095 157 30—51
1747 116 1809 160 49

185 258 234 296 30
270 249 389 304 Quid
426 250 561 296 datur
595 264 621 296 a
656 250 773 297 diuis
806 250 928 297 felici
965 249 1164 311 optatius
1197 249 1347 296 hora?

267 315 448 378 Hymen
483 331 510 362 o
544 315 822 378 Hymenaee,
858 316 1036 378 Hymen
1072 317 1179 364 ades
1214 331 1240 363 o
1277 317 1554 378 Hymenaee.

268 422 501 484 Hesperus
537 437 562 469 e
597 421 747 480 nobis,
783 423 1002 484 aequalis,
1037 422 1224 470 abstulit
1258 436 1396 470 unam

242 531 245 534 ⁴
932 506 958 534 >k

267 554 476 615 Namque
510 562 590 602 tuo
625 555 829 601 aduentu
864 555 1023 617 uigilat
1057 555 1263 602 custodia
1297 569 1493 616 semper.

267 621 412 667 Nocte
447 621 590 667 latent
622 622 762 678 fures,
801 636 917 682 quos
951 622 1071 668 idem
1107 636 1243 683 saepe
1276 629 1532 675 reuertenS,

186 695 234 733 35
269 687 489 748 Hespere,
526 695 699 734 mutato
737 688 1031 749 comprendis
1067 689 1256 735 nomine
1291 688 1491 735 eosdem.

267 754 326 799 At
360 753 488 801 lubet
521 754 731 815 innuptis
765 755 872 801 ficto
908 762 952 801 te
989 769 1178 816 carpere
1215 763 1392 815 questu.

269 819 388 874 Quid
423 826 536 879 tum,
573 821 611 867 si
647 828 844 882 carpunt
878 822 1013 868 tacita
1049 836 1182 882 quem
1217 828 1373 867 mente
1409 818 1687 881 requirunt?

267 885 447 947 Hymen
485 902 512 933 o
548 887 828 949 Hymenaee,
865 887 1044 949 Hymen
1081 889 1188 935 ades
1224 902 1250 934 o
1287 888 1563 950 Hymenaee.

268 992 325 1038 Vt
362 992 446 1039 flos
480 993 529 1039 in
565 994 732 1054 saeptis
767 1001 972 1040 secretus
1007 995 1214 1041 nascitur
1247 993 1409 1049 hortis,

187 1066 236 1104 40
269 1058 462 1120 Ignotus
497 1061 671 1120 pecori,
708 1060 836 1106 nullo
873 1060 1122 1107 conuolsus
1158 1067 1324 1116 aratro,

269 1124 416 1179 Quem
452 1126 658 1173 mulcent
693 1140 845 1183 aurae,
880 1127 1032 1172 firmat
1066 1127 1149 1184 sol,
1186 1125 1350 1173 educat
1385 1124 1534 1171 imber

269 1257 418 1310 (Multi
453 1258 580 1304 illum
617 1259 764 1320 pueri,
801 1259 970 1306 multae
1006 1268 1226 1320 optauere
1259 1258 1466 1320 puellae:

268 1324 395 1371 Idem
432 1339 538 1371 cum
572 1326 702 1372 tenui
739 1334 925 1387 carptus
960 1326 1173 1372 defloruit
1207 1325 1369 1386 ungui,

269 1390 391 1437 Nulli
426 1391 555 1438 illum
591 1392 738 1452 pueri,
775 1392 927 1439 nullae
963 1399 1185 1454 optauere
1221 1391 1448 1454 puellae)‚·

188 1463 236 1501 45
272 1457 346 1504 Sic
383 1457 531 1518 uirg0‚
567 1458 676 1505 dum
711 1459 880 1505 intacta
915 1466 1084 1515 manet,
1122 1460 1227 1506 dum
1264 1472 1369 1505 cara
1404 1457 1498 1504 suis
1534 1464 1622 1503 est:

270 1523 383 1570 Cum
419 1531 595 1571 castum
631 1524 780 1571 amisit
814 1526 991 1586 polluto
1028 1539 1224 1587 corpore
1258 1525 1434 1581 florem,

266 1589 361 1636 Nec
396 1591 553 1652 pueris
588 1591 784 1638 iocunda
820 1599 978 1638 manet
1012 1607 1100 1638 nec
1136 1607 1240 1639 cara
1274 1591 1452 1653 puellis.

267 1656 445 1718 Hymen
483 1672 510 1703 o
548 1658 823 1719 Hymenaee,
861 1659 1040 1720 Hymen
1078 1659 1184 1705 ades
1221 1674 1246 1704 o
1284 1659 1562 1719 Hymenaee.

265 1761 322 1808 Vt
357 1762 495 1809 uidua
531 1764 577 1810 in
617 1765 740 1811 nudo
777 1765 883 1810 uitis
918 1779 1035 1825 quae
1071 1765 1275 1811 nascitur
1309 1778 1421 1810 aruo

186 1836 230 1873 50
265 1828 527 1889 Numquam
562 1845 610 1877 se
648 1830 836 1886 extollit,
874 1845 1129 1892 numquam
1164 1831 1321 1877 mitem
1356 1830 1521 1876 educat
1554 1843 1706 1884 uuam,

266 1894 355 1941 Sed
391 1903 605 1943 tenerum
642 1911 793 1957 prono
830 1898 1079 1945 deflectens
1114 1897 1322 1958 pondere
1359 1911 1529 1957 corpus

265 2042 316 2081 30
345 2053 366 2080 a
394 2053 459 2079 om
492 2039 529 2078 T
561 2038 576 2090 ΙΙ
618 2041 665 2080 31
696 2038 878 2091 Kymeno
907 2039 1135 2092 Kymeneae
1164 2040 1417 2093 Kymenades
1454 2053 1477 2079 ο
1507 2040 1708 2092 Kymenee
1741 2040 1805 2092 ΤΗ

133 2096 184 2134 32
206 2092 342 2133 Puelle
370 2094 454 2133 add
479 2095 526 2131 in
553 2104 686 2142 marg.
703 2105 736 2142 g
762 2093 775 2145 ΙΙ
806 2093 960 2145 equalis
981 2093 1036 2132 T:
1065 2094 1229 2145 equales
1246 2094 1294 2143 V,
1322 2094 1421 2132 inde
1441 2106 1477 2133 m
1499 2094 1642 2132 littera
1669 2106 1813 2145 super·-

124 2150 286 2198 scripta
314 2151 354 2186 et
377 2158 396 2186 s
426 2149 636 2196 ece-puncta
663 2144 765 2192 fecit
784 2146 1012 2198 equalemg
1040 2147 1238 2198 [equalem
1263 2147 1430 2195 CDHA]
1459 2148 1472 2191 l!
1496 2141 1604 2198 ‘post
1624 2148 1661 2187 Ιι.
1677 2160 1718 2186 u.
1735 2149 1813 2187 ali-

131 2202 206 2251 qui
233 2197 397 2239 desunt'
429 2200 664 2238 Auantius:
693 2202 738 2237 in
766 2200 884 2239 libris
911 2203 1181 2239 interstitium
1209 2201 1371 2240 nullum
1404 2200 1420 2253 ΙΙ
1454 2201 1505 2240 34
1533 2203 1667 2250 saepe]
1697 2213 1811 2240 mane

129 2254 422 2294 Froelzliclzius
448 2252 464 2306 ΙΙ
492 2254 541 2293 35
558 2252 699 2304 9pndis
718 2253 749 2291 0
769 2253 1034 2303 [comprendis
1047 2254 1206 2303 DLAJ:
1224 2253 1482 2305 coprehendis
1501 2253 1687 2303 G[BCH],
1716 2254 1813 2293 inde

129 2305 236 2353 feeit
253 2305 463 2358 coprendis
475 2318 519 2355 g,
548 2308 823 2357 comperendis
846 2306 882 2345 Τ
905 2306 1117 2357 deprendis
1136 2309 1413 2346 Baehrensius
1432 2307 1445 2358 ΙΙ
1465 2318 1628 2357 eospem
1648 2307 1684 2345 T
1707 2307 1813 2348 Eous

129 2360 341 2400 Schrader
381 2360 677 2410 speciosissime
712 2359 728 2411 ΙΙ
772 2362 823 2401 36
864 2359 917 2399 At
958 2360 1056 2399 libet
1087 2361 1132 2400 V
1161 2361 1331 2400 Adlucet
1364 2360 1400 2399 T
1437 2361 1442 2412 Ι
1481 2362 1528 2400 37
1569 2359 1748 2406 Quittum
1782 2360 1817 2399 T

131 2412 245 2459 Quod
273 2412 358 2462 (Qd‘
391 2413 438 2462 0)
466 2414 549 2452 ta‘ffi
577 2413 635 2461 (tn
667 2412 712 2462 0)
735 2413 782 2462 V,
809 2425 897 2452 sscr
925 2413 973 2452 al’
1002 2413 1054 2465 qd
1071 2426 1103 2464 g
1130 2413 1144 2465 ΙΙ
1171 2414 1352 2466 carpiunt
1374 2413 1410 2453 Τ
1438 2413 1443 2465 Ι
1471 2424 1612 2464 querna
1633 2413 1669 2452 Τ
1693 2425 1811 2464 quam

130 2466 170 2505 V
194 2466 209 2517 ΙΙ
238 2467 288 2506 38
318 2465 498 2518 Kymeno
527 2466 757 2517 Kymeneae
783 2465 1024 2518 Kymenales
1045 2467 1226 2518 Kymeno
1256 2467 1459 2519 Kymenee
1492 2465 1528 2505 Τ
1549 2466 1563 2516 11
1592 2468 1643 2507 39
1671 2465 1811 2507 Puelle

129 2523 175 2558 in
201 2532 336 2569 marg.
366 2520 451 2558 add
472 2531 505 2568 g
530 2519 544 2571 ss
575 2519 651 2558 flos
679 2519 747 2570 qui
777 2519 823 2567 (si
853 2520 1146 2571 Baehrensius)
1174 2521 1214 2559 in
1237 2521 1482 2571 Spengelius
1507 2520 1521 2570 ΙΙ
1549 2520 1717 2570 inse-ptis
1738 2521 1818 2560 VT

130 2570 145 2623 ΙΙ
172 2573 268 2612 ortis
298 2573 337 2612 V
378 2573 391 2625 ΙΙ
431 2574 482 2612 40
512 2572 730 2612 conuolsus
762 2572 798 2611 Τ
801 2587 814 2610 .·
854 2572 1015 2620 9clusus
1047 2573 1078 2611 0
1111 2575 1299 2625 idemque
1333 2576 1427 2612 ueri
1462 2573 1722 2612 simillimum
1755 2581 1815 2613 est

126 2628 249 2676 prius
275 2625 406 2672 fuisse
433 2627 480 2664 in
512 2626 545 2665 G
580 2626 758 2675 indeque
786 2624 932 2672 fecisse
961 2629 1151 2667 contusus
1175 2639 1207 2677 g
1248 2629 1454 2675 [contusus
1484 2628 1611 2664 ceteri
1639 2627 1810 2676 codices]

120 2679 144 2731 'ss
171 2681 220 2718 41
242 2678 533 2725 Quaemulcens
563 2690 656 2718 aure
685 2678 796 2718 firma
822 2678 857 2717 T
881 2683 892 2730 Η
920 2679 1060 2730 ymber
1081 2680 1113 2719 G
1148 2682 1154 2732 Ι
1180 2685 1275 2731 post
1294 2683 1342 2720 41
1364 2683 1490 2718 unius
1518 2691 1666 2718 uersus
1698 2681 1811 2720 laeu-

129 2743 230 2770 nam
255 2733 465 2772 indicauit
493 2732 739 2782 Spengelius
776 2732 790 2784 ΙΙ
826 2733 877 2771 42
906 2733 1095 2772 obtauere
1154 2734 1164 2748 ¹
1185 2734 1198 2786 ΙΙ
1228 2735 1277 2773 43
1307 2737 1347 2771 et
1374 2735 1427 2772 44
1456 2744 1520 2771 om
1553 2732 1626 2772 OT
1649 2734 1811 2782 [Di-esd.

129 2785 261 2826 Laur.
289 2786 360 2835 35,
378 2786 463 2834 42]:
494 2787 616 2824 habet
636 2784 668 2824 G
698 2788 755 2833 [et
781 2787 908 2823 ceteri
936 2786 1109 2835 codices]
1138 2786 1153 2840 ΙΙ
1183 2789 1233 2826 45
1265 2787 1439 2835 Quintil.
1459 2789 1558 2825 inst.
1580 2798 1641 2826 or.
1655 2789 1692 2836 9,
1708 2789 1749 2837 5,
1763 2789 1811 2827 46

130 2838 311 2878 Catullus
339 2839 379 2878 in
408 2838 666 2890 epithalamio
703 2834 816 2878 ‘dum
858 2839 1024 2890 innupta
1052 2844 1199 2890 manet,
1228 2840 1322 2880 dum
1351 2851 1441 2879 cara
1469 2839 1551 2878 suis
1581 2835 1674 2888 θεῖ’,
1721 2852 1811 2881 cum

129 2892 238 2942 prius
265 2885 391 2931 ‘dum'
423 2891 623 2942 significet
648 2887 831 2942 ‘quoad',
860 2902 1032 2942 sequens
1059 2889 1201 2945 ‘usque
1221 2890 1301 2933 eo’.
1331 2893 1343 2944 Η
1370 2897 1455 2932 tum
1476 2904 1562 2931 cara
1581 2892 1660 2932 VT
1681 2893 1694 2944 Η
1723 2894 1810 2934 sui.

130 2943 202 2984 sed
229 2945 281 2995 (ss
301 2945 346 2995 0)
363 2945 401 2984 V
427 2946 442 2997 11
468 2944 639 2984 iucunda
661 2945 696 2983 T
720 2946 733 2996 Η
758 2947 809 2985 48
831 2944 1034 2995 Kymeneo
1054 2944 1258 2999 Kymenee
1278 2945 1530 2998 Kymenades
1550 2945 1755 2999 Kymenee
1782 2947 1818 2986 T

129 2996 144 3049 ΙΙ
171 2999 221 3037 49
248 2998 416 3038 quenes
445 3001 490 3036 in
518 3010 654 3048 marg.
683 2999 769 3037 add
791 3010 823 3047 g
841 2998 854 3048 Η
873 2998 922 3036 Et
946 2997 1007 3048 ΤΙΙ
1028 3002 1076 3039 50
1107 2999 1317 3051 Nunquam
1349 2999 1380 3037 G
1410 3001 1470 3038 bis
1496 2998 1511 3051 ΙΙ
1543 2999 1701 3040 extollit
1729 3003 1806 3051 qua

129 3051 542 3091 muniteamducatuufi
583 3051 618 3089 T
650 3050 666 3103 ΙΙ
706 3051 829 3091 uitem
862 3050 916 3088 O*
943 3051 958 3102 ss
986 3054 1034 3093 51
1066 3065 1136 3103 per
1164 3053 1330 3093 flectens
1364 3052 1400 3091 T

212 3122 364 3154 Catullus
1459 3120 1484 3157 4
