2040 3372
240 92 301 136 50
930 100 995 151 62,
1023 101 1194 152 52—63,
1223 103 1246 141 3

373 227 470 276 Iam
505 230 596 277 iam
632 233 862 294 contingit
896 250 1128 283 summum
1164 237 1318 284 radice
1354 238 1583 298 flagellum

373 295 522 353 (Hanc
559 299 675 345 nulli
711 301 953 359 agricolae,
991 302 1106 349 nulli
1142 304 1328 351 coluere
1363 305 1575 352 iuuenci:

372 363 430 408 At
464 364 502 410 si
538 364 659 411 forte
695 366 853 414 eadem
890 374 960 414 est
998 368 1120 416 ulmo
1158 371 1406 418 coniuncta
1441 373 1621 431 marito,

291 435 336 474 55
372 429 503 476 Multi
538 432 664 478 illam
699 434 941 493 agricolae,
978 436 1109 482 multi
1144 437 1327 484 coluere
1363 439 1586 498 iuuenci),

371 495 447 542 Sic
484 497 631 559 uirgo,
668 500 776 546 dum
812 500 986 547 intacta
1020 510 1192 558 manet,
1229 505 1339 551 dum
1375 506 1549 552 inculta
1584 508 1810 555 senescit:

371 562 484 610 Cum
519 580 604 626 par
638 566 891 613 conubium
926 575 1107 616 maturo
1144 578 1354 632 tempore
1390 572 1554 634 adepta
1590 580 1673 629 est,

372 628 486 677 Cara
522 633 623 678 uiro
660 634 805 694 magis
842 640 886 680 et
921 636 1074 683 minus
1110 644 1179 684 cst
1214 638 1362 685 inuisa
1397 639 1595 699 parenti.

291 692 546 758 58¹'Hynzen
580 714 605 746 o
641 699 910 761 Hymenaee,
946 701 1125 764 Hymen
1160 704 1263 751 ades
1297 720 1322 752 o
1360 705 1625 767 Hymenaee.

367 803 426 850 At
460 812 508 851 tu
547 821 603 852 ne
637 821 794 867 pugna
831 822 937 854 cum
972 809 1049 855 tali
1086 812 1298 871 coniuge,
1335 811 1485 872 uirgo,

288 878 333 916 60
366 871 470 918 Non
507 887 702 933 aequom
738 881 807 920 est
840 890 1064 937 pugnare,
1101 884 1233 937 pater
1268 877 1343 923 cui
1379 878 1565 926 tradidit
1598 880 1712 942 ipse,

366 937 470 998 Ipse
506 948 637 1000 pater
671 955 775 987 cum
812 950 975 999 matre,
1012 943 1180 1004 quibus
1216 959 1381 1005 parere
1418 960 1610 994 necesse
1645 954 1728 996 est.

367 1004 614 1066 Virginitas
650 1022 747 1054 non
784 1015 876 1054 tota
913 1016 991 1056 tua
1027 1016 1111 1066 est,
1149 1025 1204 1056 ex
1237 1019 1367 1071 parte
1403 1020 1651 1073 parentum
1686 1023 1776 1062 est:

367 1071 518 1119 Tertia
554 1089 661 1135 pars
696 1075 869 1136 patrist,
898 1091 1009 1138 pars
1045 1083 1114 1124 est
1149 1078 1249 1123 data
1286 1078 1420 1124 tertia
1455 1081 1603 1138 matri,

366 1139 518 1186 Tertia
553 1141 649 1187 sola
683 1149 761 1188 tua
798 1149 880 1189 est.
951 1143 1045 1190 noli
1082 1159 1293 1206 pugnare
1330 1145 1527 1203 duobus,

284 1213 328 1250 65
364 1205 453 1260 Qui
489 1222 662 1268 genero
698 1223 781 1255 sua
816 1210 917 1256 iura
951 1210 1089 1257 simul
1124 1225 1229 1258 cum
1265 1212 1373 1259 dote
1409 1212 1651 1261 dederunt.

365 1273 544 1335 Hymen
582 1290 608 1321 o
646 1275 925 1337 Hymenaee,
962 1277 1141 1339 Hymen
1178 1279 1284 1325 ades
1321 1294 1347 1325 o
1383 1279 1662 1342 Hymenaee.

228 1443 294 1497 63
364 1443 517 1509 Super
553 1448 641 1495 alta
678 1456 841 1496 uectus
876 1450 992 1497 Attis
1027 1450 1171 1497 celeri
1201 1459 1300 1498 rate
1335 1451 1479 1498 maria

362 1514 614 1576 Phrygium
650 1523 701 1562 ut
737 1531 902 1563 nemus
938 1517 1074 1563 citato
1111 1518 1278 1578 cupide
1313 1519 1430 1579 pede
1467 1519 1615 1581 tetigit

362 1581 577 1642 Adiitque
613 1598 755 1644 opaca
790 1584 917 1631 siluis
953 1584 1162 1631 redimita
1198 1584 1300 1631 loca
1336 1586 1463 1644 deae,

362 1716 412 1753 52
441 1713 642 1753 flacellum
667 1714 704 1753 T
725 1712 739 1766 ΙΙ
769 1716 816 1755 53
847 1697 1037 1754 Han‘iiulli
1058 1728 1079 1755 a
1101 1715 1290 1770 grigculle
1310 1718 1427 1758 multi
1446 1718 1631 1758 acoluere
1652 1716 1689 1756 T
1696 1715 1710 1769 Η
1729 1717 1916 1758 οοικΙιιετθ

225 1781 386 1828 (fuerat
412 1781 604 1831 colluere)
636 1781 669 1820 G
696 1782 709 1829 ΙΙ
737 1782 895 1821 iuuenci
918 1783 963 1821 V
984 1784 1044 1831 (in
1064 1783 1095 1821 0
1122 1783 1268 1829 fluerat
1289 1786 1427 1834 prius,
1456 1788 1505 1822 ut
1531 1785 1716 1833 uidetur,
1745 1783 1916 1834 inuenti)

230 1834 274 1884 T,
302 1835 465 1875 bubulci
495 1837 608 1884 (item
636 1848 677 1874 u.
697 1838 766 1885 55)
794 1835 957 1875 Riesius
982 1835 996 1886 ΙΙ
1027 1838 1079 1876 54
1106 1838 1206 1887 Apsi
1237 1837 1275 1877 T
1297 1838 1311 1888 {i
1348 1842 1409 1876 est
1436 1838 1562 1886 ulmo]
1592 1839 1776 1889 quinque
1796 1839 1917 1888 prio-

224 1902 291 1927 res
319 1890 486 1928 litterae
513 1891 559 1928 in
587 1902 741 1928 rasura
765 1889 810 1939 G,
841 1892 1030 1929 corr-emit
1056 1892 1195 1930 nescio
1225 1903 1346 1942 quem
1373 1904 1558 1930 errorem
1586 1891 1650 1940 G¹‚
1679 1891 1764 1930 add
1790 1903 1916 1941 quae-

226 1943 320 1981 dam
347 1954 379 1992 g
408 1943 421 1993 ΙΙ
448 1944 586 1982 marita
621 1942 658 1981 T
681 1944 846 1982 maritae
875 1945 1068 1981 Heinsius
1096 1944 1109 1994 Η
1139 1947 1188 1985 55
1218 1944 1392 1996 agricule
1426 1945 1462 1983 T
1485 1946 1499 1996 n
1527 1945 1735 1984 accoluere
1757 1943 1803 1983 V
1823 1956 1916 1984 aco-

225 1996 335 2035 luere
369 1996 406 2034 T
428 1996 498 2045 (cf.
520 2009 561 2036 u.
579 1998 651 2045 55)
678 1997 819 2035 multei
848 1997 1007 2036 coluere
1035 1998 1242 2047 Hauptius
1268 1998 1281 2049 Η
1310 1998 1439 2037 infieci
1469 2001 1629 2047 (littera
1651 1998 1915 2048 paenultima

223 2052 345 2099 prius
372 2049 519 2096 fuerat
548 2051 577 2098 t)
610 2050 641 2087 O
669 2049 681 2099 Η
711 2052 760 2090 56
790 2055 872 2088 tum
903 2051 1051 2089 inculta
1078 2050 1115 2088 T
1136 2053 1149 2101 ΙΙ
1179 2054 1228 2090 57
1259 2052 1503 2091 connubium
1530 2052 1575 2091 V
1595 2051 1609 2104 ΙΙ
1637 2053 1688 2092 58
1717 2051 1818 2091 Cura
1839 2050 1921 2091 VT

221 2101 358 2154 ssuiro]
387 2103 470 2142 suis
490 2104 769 2142 Baehrens-ius
793 2101 807 2152 ΙΙ
836 2102 907 2143 58¹>
937 2105 1022 2142 add
1035 2104 1246 2142 Muretus.-
1277 2117 1342 2143 om
1361 2104 1439 2145 VT
1465 2106 1477 2155 ΙΙ
1507 2107 1557 2146 59
1586 2109 1632 2143 in
1655 2106 1830 2156 stropha
1849 2104 1916 2143 ul-

224 2159 328 2195 tima
357 2158 540 2205 (59—66)
568 2158 663 2194 ueri
689 2158 823 2195 simile
852 2161 912 2195 est
938 2170 1104 2195 uersum
1134 2161 1330 2197 amissum
1353 2171 1438 2196 esse
1465 2157 1479 2210 ΙΙ
1507 2158 1558 2196 Et
1586 2164 1628 2197 tu
1656 2160 1739 2207 (tua
1765 2157 1814 2208 T)
1841 2169 1917 2198 nec

228 2210 306 2251 VT
336 2210 351 2263 ss
392 2212 441 2250 60
471 2222 619 2261 equom
653 2209 688 2248 T
726 2222 829 2261 equo
862 2212 906 2251 V
926 2210 938 2260 Η
967 2213 1014 2251 61
1048 2213 1149 2251 nece
1180 2212 1235 2250 O*
1263 2209 1279 2263 11
1306 2213 1356 2252 62
1384 2224 1449 2250 om
1473 2211 1543 2263 Tss
1574 2213 1624 2252 63
1653 2210 1794 2251 Tercia
1820 2222 1916 2262 pars

195 2287 208 2301 .
227 2264 327 2314 patri
358 2266 378 2302 ἓ
409 2264 500 2302 data
530 2263 651 2302 tercia
682 2264 796 2302 matri
829 2264 886 2302 0*
928 2263 1061 2304 Tertia
1092 2265 1216 2316 patris
1251 2277 1343 2316 pars
1374 2267 1422 2306 ‚e
1459 2264 1551 2304 data
1587 2265 1703 2304 tertia
1732 2264 1847 2304 matri
1881 2263 1919 2304 T

225 2316 363 2357 Tereia
393 2329 484 2368 pars
520 2317 622 2367 patri
652 2316 743 2356 data
779 2329 870 2369 pars
900 2317 992 2357 data
1027 2319 1149 2357 tercia
1177 2318 1293 2358 matri
1325 2318 1356 2358 G
1386 2321 1442 2367 [et
1470 2321 1597 2358 ceteri
1624 2319 1736 2368 libra]
1771 2317 1914 2369 patrist

223 2373 293 2420 (em
316 2372 441 2422 patris
466 2370 518 2419 Τ)
538 2371 746 2420 Hauptius
783 2372 906 2422 patris
935 2374 996 2410 est
1016 2371 1203 2410 Muretus
1239 2372 1355 2423 patri,
1384 2384 1476 2423 pars
1496 2375 1557 2411 est
1577 2372 1668 2412 data
1688 2373 1914 2413 Amantius.

222 2438 265 2465 u.
284 2426 337 2465 65
366 2425 442 2463 del.
473 2424 705 2463 Schoellius
733 2423 745 2474 Η
773 2427 824 2464 64
852 2424 992 2464 Tereia
1010 2426 1053 2465 V
1074 2425 1087 2477 ΙΙ
1115 2426 1210 2465 solit
1230 2432 1273 2465 tu
1293 2429 1354 2465 est
1381 2425 1460 2464 noli
1490 2426 1671 2477 tuignare
1691 2425 1848 2466 duobus
1868 2423 1913 2466 T.

223 2491 280 2517 an
309 2480 445 2518 tuast?
481 2475 495 2528 ΙΙ
531 2479 580 2518 66
610 2477 790 2530 Kymeno
829 2477 1034 2532 Kymenee
1069 2478 1324 2531 Kymenades
1353 2491 1403 2519 .o.
1431 2478 1660 2531 Kymeneae
1693 2478 1728 2518 T
1765 2478 1864 2518 ades'
1888 2489 1914 2519 ο

225 2533 398 2584 liymene
430 2530 486 2570 G*
557 2549 677 2573 ,1⁶0-

357 2584 416 2627 63
445 2597 538 2624 eum
576 2587 761 2624 carmine
792 2586 1066 2635 praecedente
1097 2588 1186 2624 sine
1214 2588 1445 2624 interstitio
1484 2587 1680 2624 cohaeret
1706 2586 1752 2624 in
1783 2584 1828 2635 0,
1866 2588 1914 2624 in

222 2642 350 2678 unius
377 2651 523 2678 uersus
550 2639 779 2677 interstitio
809 2639 978 2677 titulum
1007 2639 1062 2679 De
1083 2638 1335 2678 Berecinthia
1365 2642 1405 2678 et
1432 2639 1525 2678 Athi
1555 2639 1642 2677 add
1655 2650 1689 2688 g·
1716 2642 1780 2687 [ut
1801 2641 1847 2678 in
1864 2637 1911 2688 G,

221 2696 281 2731 sic
301 2695 345 2731 in
362 2693 586 2743 plerisque]
614 2692 628 2744 fl
659 2695 677 2732 1
713 2691 949 2732 Terentiam.
967 2693 1226 2733 Maur.2899
1257 2693 1448 2732 Seruasse
1478 2703 1580 2743 quae
1601 2692 1800 2732 Catullum
1819 2703 1913 2744 pro-

222 2746 291 2785 bat
319 2746 406 2796 ipse
435 2746 507 2784 tibi
538 2746 638 2784 liber
663 2741 808 2796 ‘Super
830 2768 877 2773 -—
902 2742 1057 2796 maria’,
1087 2747 1191 2786 Mar.
1221 2746 1467 2786 Victorinus
1495 2746 1581 2793 454,
1607 2745 1715 2785 251(
1738 2745 1814 2785 hoc
1842 2757 1911 2796 ge-

223 2811 298 2838 nus
326 2800 442 2838 metri
471 2801 642 2838 maxime
671 2798 870 2838 desiderat
900 2801 1073 2850 separari
1104 2801 1144 2839 in
1175 2800 1274 2839 duas
1302 2799 1517 2849 clausulas,
1545 2802 1747 2850 tamquam
1766 2794 1912 2849 ‘Super

222 2875 274 2881 —-
302 2846 427 2891 Attis'
458 2852 601 2892 dehinc
627 2849 763 2891 ‘celeri
783 2875 834 2880 —
854 2849 994 2891 maria’
1026 2853 1039 2906 ΙΙ
1068 2858 1182 2893 uetus
1215 2852 1270 2891 0*
1300 2852 1314 2904 ΙΙ
1352 2853 1451 2891 actis
1481 2853 1524 2891 V
1553 2853 1673 2900 [athis
1699 2851 1867 2900 ADHL]
1893 2849 1909 2902 ΙΙ

223 2906 351 2945 celere
370 2906 413 2944 V
435 2907 577 2945 celerei
593 2907 873 2944 Baelzrensius
897 2908 910 2958 Η
941 2907 963 2945 2
985 2908 1023 2948 Ιι.
1039 2919 1080 2946 u.
1098 2909 1159 2945 bis
1176 2908 1331 2945 citauit
1346 2906 1511 2944 Caesius
1526 2907 1680 2944 Bassus
1690 2917 1732 2956 p.
1747 2905 1842 2955 262,
1855 2903 1911 2944 45

224 2964 263 2998 et
273 2961 368 3009 265,
383 2960 406 2997 7
420 2959 462 2998 K.
506 2959 553 2998 Et
575 2959 753 2999 Catullus
781 2955 1013 3010 ‘Phrygium
1034 2971 1174 2999 nemus
1205 2959 1327 2998 citato
1356 2959 1452 3008 (cito
1470 2972 1509 3010 p.
1526 2960 1623 3008 262)
1643 2959 1785 3010 cupide
1805 2957 1909 3009 pede

223 3013 339 3064 (pede
356 3026 420 3051 om
432 3025 473 3062 p.
488 3014 585 3062 262)
616 3006 767 3063 tetigit'
789 3010 803 3063 ΙΙ
830 3011 1004 3063 Frigium
1022 3012 1091 3066 Vfl
1111 3020 1154 3054 ut
1174 3015 1235 3052 bis
1257 3025 1322 3052 om
1344 3013 1507 3052 Cassius
1525 3013 1678 3052 Bassus
1697 3011 1711 3064 ΙΙ
1730 3014 1753 3052 3
1774 3011 1911 3052 Rheae

220 3066 321 3107 Luc.
352 3066 527 3105 Mueller
559 3096 562 3098 .
