2040 3372
800 97 862 145 25,
893 98 1034 145 8—27‚
1065 99 1085 135 τ
1713 96 1772 141 19

301 227 477 289 Inepte,
515 242 630 288 quae
665 228 812 289 palam
848 229 967 275 soles
1003 229 1170 275 habere
1205 235 1435 290 tamquam
1471 233 1602 279 auita.

301 293 427 348 Quae
463 308 589 340 nunc
625 294 715 341 tuis
751 294 806 340 ab
843 295 1078 355 unguibus
1114 296 1340 357 reglutina
1377 304 1423 342 et
1458 299 1653 356 remitte,

222 366 264 406 10
299 360 366 406 Ne
401 360 583 406 laneum
620 359 894 407 latusculum
930 375 1185 422 manusque
1220 362 1483 410 mollicellas

302 425 455 473 Inusta
491 426 688 487 turpiter
722 426 805 473 tibi
839 427 1014 487 flagella
1051 428 1408 486 conscribillent,

299 491 358 538 Et
391 491 647 539 insolenter
681 499 860 540 aestues
897 494 1023 540 uelut
1056 498 1229 542 minuta
1263 509 1430 555 magno

299 558 536 619 Deprensa
573 559 703 606 nauis
739 559 786 605 in
823 560 936 606 mari
972 561 1240 608 uesaniente
1276 568 1432 608 uento.

98 711 168 767 26
302 712 434 772 Furi,
469 716 625 762 uillula
662 723 818 764 uostra
855 732 950 764 non
987 718 1039 764 ad
1077 720 1216 765 austri

300 781 454 830 Flatus
490 783 699 844 opposita
735 790 803 830 est
838 799 990 844 neque
1026 786 1079 831 ad
1116 786 1276 831 fauoni

298 848 391 895 Nec
428 849 553 896 saeui
587 849 755 896 boreae
791 856 868 896 aut
903 851 1171 911 apheliotae,

296 913 464 962 Verum
501 916 556 961 ad
591 915 713 962 milia
750 917 1011 977 quindecim
1047 924 1092 964 et
1127 917 1363 965 ducentos.

242 989 263 1026 5
301 980 337 1028 Ο
375 987 566 1028 uentum
602 982 870 1029 horribilem
906 989 1042 1043 atque
1078 984 1392 1044 pestilentem!

96 1136 162 1190 2¹7
296 1136 511 1187 Minister
546 1141 691 1186 uetuli
725 1155 842 1202 puer
876 1141 1052 1198 salerni,
1077 1146 1139 1201 Η

296 1205 435 1266 Inger
469 1206 530 1252 mi
567 1207 729 1253 calices
764 1207 1028 1265 amariores,

295 1271 352 1318 Vt
386 1271 458 1318 lex
494 1272 753 1319 Postumiae
788 1273 916 1320 iubet
950 1275 1191 1335 magistrae

295 1337 487 1385 Ebrioso
522 1339 654 1385 acino
691 1339 968 1387 ebriosioris.

239 1413 261 1450 5
295 1407 352 1450 At
389 1419 472 1451 uos
508 1419 595 1465 quo
636 1405 762 1452 lubet
794 1406 902 1453 hinc
937 1406 1070 1464 abite,
1107 1406 1334 1468 lymphae,

297 1469 397 1516 Vini
434 1471 676 1531 pernicies,
713 1480 757 1518 et
790 1473 844 1518 ad
881 1487 1068 1520 seueros
1115 1471 1123 1479 ⁸

295 1536 507 1583 Mirrate:
544 1538 617 1584 hic
654 1553 809 1586 merus
846 1545 914 1586 est
949 1537 1296 1603 Thyonianus]

233 1747 255 1785 8
285 1745 468 1797 Inepteqs
494 1746 539 1786 V
558 1757 702 1796 eorrg
728 1746 743 1798 ΙΙ
770 1749 793 1786 9
820 1747 960 1786 remite
993 1747 1048 1785 0*
1074 1745 1089 1799 ΙΙ
1121 1749 1167 1786 10
1197 1747 1380 1799 natisque
1402 1745 1770 1800 Scaligerssmolli-

97 1798 203 1838 celas
235 1798 290 1837 0*
318 1797 332 1850 ΙΙ
362 1801 406 1839 11
440 1798 571 1838 Insula
593 1799 633 1837 V
656 1800 670 1849 ΙΙ
698 1800 980 1839 conscribilent
1000 1800 1044 1839 V
1066 1800 1345 1839 conscribilent
1374 1800 1532 1850 flagella
1558 1800 1769 1840 Turnebus

99 1854 113 1903 ΙΙ
140 1853 189 1891 12
218 1851 330 1891 uelut
357 1851 517 1890 inimica
549 1851 593 1891 V
611 1851 624 1903 ΙΙ
654 1853 702 1891 13
731 1851 929 1902 Deprensa
963 1852 1038 1892 0²2²:
1070 1852 1318 1904 Deprehensa
1351 1853 1383 1891 G

226 1903 284 1946 26
313 1904 588 1943 Interstitium
616 1905 775 1943 nullum
796 1905 844 1944 V.
885 1905 945 1944 Ad
965 1905 1122 1945 Furium
1152 1908 1197 1944 in
1224 1918 1359 1956 marg.
1376 1918 1408 1956 g
1434 1905 1447 1956 ΙΙ
1481 1910 1498 1947 1
1531 1910 1601 1946 υῗΞ
1617 1908 1682 1956 (=
1703 1919 1771 1947 ue-

94 1958 189 2007 stra)
221 1956 299 1995 0*.·
328 1960 461 1997 nostra
491 1957 523 1996 G
552 1955 567 2008 ΙΙ
594 1960 616 1997 2
648 1970 712 1996 om
739 1957 795 1996 0*
821 1958 836 2010 ΙΙ
863 1958 1013 2007 fauonij
1040 1958 1072 1998 G
1099 1958 1112 2009 ΙΙ
1140 1960 1162 1998 3
1193 1959 1394 2009 apheliote
1424 1960 1484 1998 V:
1513 1960 1710 2010 apeliotae
1735 1975 1770 1999 ω

89 2010 162 2062 1144
189 2010 313 2049 millia
346 2009 404 2049 G*
427 2009 443 2063 ΙΙ
474 2012 495 2049 5
527 2007 755 2060 horribilem
782 2012 1032 2062 (supparia-it
1062 2011 1125 2060 (2²,
1154 2015 1202 2049 uc
1226 2013 1410 2061 uidetur)
1443 2013 1475 2051 G

226 2062 280 2104 27
307 2063 582 2102 Inter-stitium
608 2064 769 2102 nullum
792 2065 838 2104 V.
886 2064 947 2103 Ad
977 2065 1204 2115 pincernam
1234 2077 1348 2104 suum
1377 2067 1423 2104 in
1451 2077 1583 2115 marg.
1605 2066 1691 2104 add
1706 2064 1762 2118 g}

96 2119 200 2156 1-4
229 2118 379 2155 citauit
407 2116 562 2156 Gellius
588 2120 696 2156 noct.
712 2121 784 2156 att.
801 2119 837 2167 6,
851 2119 917 2165 20,
933 2119 969 2157 6.
1017 2116 1069 2164 esi
1100 2116 1218 2164 infra
1245 2119 1303 2157 ad
1319 2120 1398 2157 u.4
1426 2118 1440 2171 ΙΙ
1472 2122 1488 2158 1
1521 2118 1762 2169 salerui0*1

95 2170 118 2209 2
146 2169 260 2220 Inger
288 2170 387 2208 libri
416 2171 514 2208 boni
537 2170 736 2220 gelliani:
766 2170 902 2221 Ingere
935 2171 982 2211 V.
1029 2173 1212 2221 respemit
1239 2172 1279 2210 Ιι.
1308 2184 1348 2211 u.
1373 2172 1516 2221 glossa
1546 2171 1770 2210 Philemoni

93 2222 205 2273 inger
241 2221 464 2274 εἴσκρασον
499 2224 613 2273 apud
639 2223 872 2262 Labbaeum
898 2237 938 2274 p.
966 2221 1039 2264 95⁶
1073 2224 1086 2275 ΙΙ
1124 2226 1145 2264 3
1175 2224 1400 2274 posthumie
1433 2225 1465 2264 G
1496 2224 1511 2277 ss
1547 2228 1572 2265 4
1600 2224 1768 2265 Ebrioso

95 2276 222 2324 acino]
253 2276 359 2314 hanc
387 2276 603 2315 lectionem
621 2276 774 2315 Gellius
797 2279 842 2315 in
864 2277 1014 2316 Catulli
1043 2281 1262 2328 corruptis,
1289 2282 1338 2316 ut
1352 2281 1537 2329 putauit,
1565 2278 1770 2329 exempla-

94 2330 210 2367 ribus
236 2330 419 2367 inuenit:
448 2329 613 2369 Ebriose
642 2330 755 2369 acino
788 2331 832 2370 V
850 2329 1015 2370 Ebriose
1045 2330 1156 2370 acine
1190 2333 1250 2368 sie
1278 2330 1368 2378 fere
1397 2333 1496 2370 libri
1519 2332 1696 2380 galliani
1722 2333 1769 2370 in

98 2381 254 2421 Catulli
279 2394 418 2420 uersu.
473 2384 519 2421 in
552 2383 648 2421 aliis
676 2383 828 2422 Catulli
852 2383 1155 2433 eoeemplaribus
1185 2383 1339 2423 Gellius
1368 2385 1469 2434 legit
1495 2384 1610 2423 Ebria
1641 2384 1766 2433 acina,

94 2435 206 2484 quod
233 2434 438 2474 Catullum
466 2437 603 2486 ipsum
629 2438 843 2486 scripsisse
872 2439 1051 2486 censuit,
1092 2440 1131 2475 et
1157 2436 1320 2477 Ebriosa
1360 2438 1471 2476 acina
1513 2438 1609 2476 olim
1635 2437 1767 2487 uulgo

94 2487 382 2538 adprobatum.
427 2487 581 2528 Gellius
609 2491 717 2528 enim
737 2490 761 2530 l.
784 2502 816 2530 c.
847 2490 896 2528 de
925 2491 1043 2528 biatu
1062 2490 1271 2529 vocalium
1301 2491 1519 2541 disputans
1538 2492 1637 2529 haec
1665 2493 1768 2529 seri-

85 2543 176 2591 psit
202 2543 251 2580 ab
280 2542 462 2592 Hauptio
492 2543 644 2592 (opusc.
663 2543 705 2590 2,
722 2542 816 2592 425)
845 2543 1081 2582 emendata:
1121 2543 1298 2583 Catullus
1329 2555 1488 2595 quoque
1517 2543 1767 2594 elegantissi-

91 2604 179 2632 mus
207 2596 415 2645 poetarum
452 2594 492 2634 in
522 2595 630 2635 hisce
667 2595 847 2635 uersibus
875 2592 1068 2635 ‘Minister
1105 2597 1229 2636 uetuli
1265 2609 1364 2648 puer
1399 2596 1539 2636 falerni
1567 2618 1619 2625 --
1648 2596 1765 2635 Ebria

93 2647 205 2685 acina
225 2646 404 2696 (Ebriose
419 2648 531 2688 aeine
551 2649 650 2687 libri
665 2649 858 2699 galliani)
880 2644 1139 2696 ebriosioris’,
1170 2661 1259 2689 cum
1280 2650 1411 2689 dicere
1429 2645 1569 2690 ‘ebrio'
1603 2649 1766 2698 (ebriosi

93 2699 207 2748 libri)
235 2703 373 2750 posset
400 2705 453 2749 et,
483 2701 588 2752 quod
619 2705 703 2741 erat
722 2702 920 2751 usitatius,
949 2697 1132 2742 ‘acinum’
1157 2703 1197 2742 in
1225 2706 1364 2743 neutro
1386 2714 1529 2754 genere
1549 2702 1764 2754 appellare,

92 2763 228 2792 amans
256 2757 387 2793 tamen
417 2753 548 2794 hiatus
576 2755 684 2794 illius
713 2755 900 2794 homerici
928 2755 1164 2795 suauitatem
1191 2751 1373 2796 ‘ebriam’
1407 2755 1618 2805 (ebriosam
1649 2757 1764 2804 libri)

92 2805 191 2844 dixit
225 2810 386 2857 propter
424 2807 670 2858 insequentis
702 2803 758 2846 ‘a‘
790 2808 946 2848 litterae
986 2812 1232 2849 concentum.
1289 2809 1356 2860 qui
1393 2805 1581 2849 ‘ebriosa'
1616 2808 1765 2858 (ebrios

93 2858 203 2908 libri)
234 2864 364 2899 autem
386 2858 584 2900 Catullum
613 2861 758 2900 dixisse
788 2865 928 2913 putant
947 2864 1015 2901 aut
1041 2857 1231 2903 ‘ebrioso'
1253 2863 1448 2912 (ebriosos
1470 2863 1582 2912 libri)
1600 2885 1652 2891 -—
1672 2873 1763 2901 nam

91 2910 132 2950 id
161 2923 319 2963 quoque
351 2916 498 2952 temere
527 2914 715 2964 scriptum
744 2914 944 2954 inuenitur
970 2937 1043 2964 —‚
1080 2915 1119 2954 in
1156 2915 1280 2956 libros
1310 2915 1462 2955 scilicet
1490 2914 1538 2955 de
1567 2915 1765 2965 corruptis

94 2964 385 3056 exelrlnplaribus
400 2965 544 3059 'iactos
573 2967 794 3007 inciderunt
821 2967 836 3019 ΙΙ
864 2971 885 3007 5
916 2967 975 3007 Ad
1009 2967 1064 3007 0*
1091 2967 1105 3016 ΙΙ
1133 2968 1239 3020 quod
1268 2969 1380 3008 iubet
1410 2968 1454 3008 V
1473 2966 1487 3019 ΙΙ
1512 2968 1660 3021 limphe
1691 2968 1729 3008 V

93 3019 113 3056 7
145 3020 160 3055 t
189 3017 370 3058 ionianus

1394 3087 1442 3127 2*
