2040 3372
196 102 264 143 ΧΠ
891 101 1204 144 TESTIMONIA

199 237 261 285 33
301 243 534 281 CHARISIVS
566 253 612 299 p.
640 239 719 294 97,
750 241 808 286 10
846 237 1050 299 (Asinius
1085 237 1134 283 in
1171 237 1497 296 Valerium,
1533 237 1575 285 h.
1601 253 1637 286 e.
1666 237 1898 287 Valerium

372 303 626 360 Catullum3
669 311 826 366 postea
869 304 992 350 idem
1039 303 1313 351 Catullus
1358 304 1407 350 in
1453 305 1896 367 hendecasyllabis):

367 371 426 431 cf.
459 370 553 417 Cat.
579 372 658 427 42,
686 373 714 418 5
857 371 964 427 133,
991 371 1079 418 25:
1111 370 1205 418 Cat.
1232 371 1311 427 35,
1341 372 1400 418 12
1539 372 1653 430 252,
1680 373 1768 420 25:
1800 372 1894 420 Cat.

300 481 305 487 .
366 440 414 494 4,
440 438 519 484 25.

201 503 265 552 34
301 510 534 548 DIOMEDES
561 520 610 566 p.
649 504 762 560 344,
800 504 854 549 7:
899 502 992 549 Cat.
1030 504 1076 559 4,
1114 503 1176 551 25
1365 503 1479 561 485,
1522 506 1578 552 17
1615 503 1795 551 iambus
1830 511 1901 551 est

371 584 559 616 carmen
597 569 875 616 maledicum
910 604 921 615 .
948 604 958 614 .
987 603 997 615 .
1034 568 1318 630 appellatum
1359 575 1430 616 est
1463 575 1619 617 autem
1652 566 1802 636 παρὰ
1837 566 1896 619 τὸ

370 633 644 700 ἰαμβίζειν,
671 636 796 697 quod
823 643 892 683 est
916 635 1204 682 maledicere.
1260 636 1393 683 cuius
1418 637 1637 684 carminis
1661 636 1900 699 praecipui

370 703 623 764 scriptores
658 703 782 764 apud
813 701 1016 748 Graecos
1051 702 1357 749 Archilochus
1395 708 1442 749 et
1477 703 1742 765 Hipponax,
1778 703 1903 765 apud

369 769 607 817 Romanos
632 769 837 816 Lucilius
873 775 920 815 et
944 768 1217 816 Catullus
1255 776 1301 815 et
1323 769 1541 817 Horatius
1566 777 1613 817 et
1637 770 1901 817 Bibaculus.

203 852 265 899 35
301 857 527 895 AVSONIVS
572 863 721 910 opusc.
759 849 838 905 23,
873 851 888 896 l
927 842 1033 894 ‘Cui
1069 847 1195 894 dono
1239 848 1445 910 lepidum
1482 864 1662 897 nouum
1697 849 1904 896 libellum

371 917 488 977 (Cat.
533 920 572 972 1,
614 909 682 972 1)’
726 914 1009 961 Veronensis
1045 914 1108 960 ait
1151 921 1289 976 poeta
1337 916 1572 976 quondam
1607 915 1903 977 {nuentoque

371 983 497 1046 dedit
531 982 684 1029 statim
718 981 887 1042 Nepoti
914 1016 925 1027 .
946 1016 956 1027 .
979 1017 989 1027 .
1016 980 1186 1028 Inueni
1212 1017 1223 1028 .
1244 1017 1254 1028 .
1277 1018 1288 1028 .
1317 997 1405 1029 nec
1441 983 1632 1029 doctum
1666 982 1822 1030 minus
1858 989 1905 1029 et

369 1049 517 1111 magis
534 1048 791 1108 benignum
814 1048 963 1102 Quam
981 1062 1120 1108 quem
1139 1047 1282 1095 Gallia
1301 1049 1517 1110 praebuit
1536 1049 1769 1097 Catullo

372 1118 451 1174 26,
482 1119 523 1173 1,
549 1118 580 1163 4
618 1115 749 1175 (illud
786 1114 1129 1172 catullianum:
1173 1115 1266 1162 Cat.
1297 1119 1337 1173 1,
1368 1120 1389 1164 1
1637 1120 1911 1175 <*AVSONIVS

376 1190 666 1222 CLAVDIANVS
691 1210 701 1220 .
730 1179 994 1229 Anthologia
1030 1192 1138 1230 quae
1172 1180 1329 1219 dicitur
1366 1181 1504 1219 latina
1537 1183 1626 1232 159,
1657 1183 1680 1221 6
1710 1180 1780 1220 lt.-
1817 1181 1907 1222 Cat.

375 1237 562 1335 752466,
592 1234 750 1338 8D446:
790 1233 878 1272 Cat.
909 1234 960 1273 86
1119 1234 1211 1282 478,
1241 1235 1287 1273 4:
1328 1233 1417 1275 Cat.
1447 1235 1511 1284 65,
1542 1236 1566 1274 6
1723 1236 1830 1284 [916‚
1860 1235 1907 1274 8:

205 1346 268 1394 36
312 1349 499 1389 SERVIVS
545 1340 623 1406 [ad
674 1340 797 1402 Verq.
840 1355 989 1403 yeorq.
1028 1342 1073 1399 2,
1111 1341 1197 1390 95:
1252 1340 1346 1388 Cat.
1381 1342 1522 1403 frqm.
1554 1338 1604 1406 9]
1808 1356 1907 1389 aen.

374 1414 420 1465 4,
440 1411 564 1458 409:
596 1408 690 1456 Cat.
715 1407 854 1469 fram.
877 1411 908 1456 4
1046 1410 1091 1465 5,
1114 1409 1235 1455 591ὲ
1269 1407 1362 1455 Cat.
1382 1409 1523 1470 frym.
1544 1411 1572 1457 7
1713 1411 1759 1467 5,
1786 1410 1908 1458 61οε

381 1477 477 1525 Cat.
503 1477 643 1537 frym.
671 1477 699 1522 5
839 1472 906 1542 [7,
933 1476 993 1524 37
1001 1476 1055 1523 8:
1099 1474 1193 1522 Cat.
1217 1475 1357 1535 frym.
1389 1471 1486 1539 12].

206 1560 268 1607 37
309 1557 441 1605 schol.
467 1570 707 1604 uerenens.
735 1556 794 1602 acl
824 1553 949 1616 Verq.
976 1553 1051 1602 ecl.
1079 1554 1125 1612 6,
1157 1557 1178 1601 1
1213 1570 1261 1616 p.
1289 1555 1351 1604 73
1378 1554 1436 1601 K.
1474 1554 1778 1612 (Veronensis
1803 1556 1909 1604 Ca·-

374 1624 610 1682 tullus):
652 1621 747 1669 Cae.
779 1625 822 1679 1,
857 1625 876 1669 1
1053 1620 1112 1667 ad
1135 1635 1233 1668 aen.
1264 1623 1307 1679 5,
1336 1622 1398 1670 80
1418 1637 1467 1683 p.
1494 1623 1584 1670 94:
1616 1622 1711 1670 Cat.
1740 1624 1818 1681 64,
1845 1625 1907 1672 23

513 1688 630 1754 [aen.
659 1690 705 1746 8,
732 1690 796 1737 34
827 1704 874 1750 p.
900 1688 988 1736 99:
1029 1687 1126 1735 Cat.
1156 1688 1298 1749 frqm.
1328 1685 1426 1751 14].

209 1760 270 1808 38
310 1763 629 1802 HIERONYMVS:
666 1755 726 1816 cf.
763 1754 899 1803 huius
934 1755 1097 1802 indicis
1131 1769 1203 1801 nr.
1234 1755 1297 1802 23
1470 1758 1592 1817 epist.
1633 1758 1695 1804 54
1725 1770 1774 1817 p.
1813 1757 1910 1804 279

377 1824 548 1881 Dauid,
597 1822 861 1870 Simonides
898 1827 1083 1878 noster,
1119 1820 1347 1868 Pindarus
1382 1827 1429 1868 et
1464 1822 1682 1879 Alcaeus,
1719 1821 1912 1870 Flaccus

379 1904 591 1952 quoque,
630 1889 901 1936 Catullus
937 1895 982 1934 et
1018 1887 1250 1945 Serenus,
1288 1887 1522 1935 Christum
1557 1889 1656 1950 lyra
1690 1895 1913 1950 personat

378 1965 424 2004 et
447 1957 495 2003 in
522 1956 811 2002 decachordo
837 1954 1058 2016 psalterio
1083 1955 1131 2001 in
1165 1954 1329 2001 inferis
1353 1955 1546 2002 suscitat
1570 1961 1911 2017 resurgentem.

211 2038 274 2086 39
311 2042 595 2081 AVGVSTINVS
638 2035 688 2082 de
721 2049 835 2082 mus.
871 2034 952 2094 †5,
989 2036 1034 2092 4,
1072 2036 1117 2081 5.
1153 2033 1233 2094 †5‚
1271 2034 1315 2091 6,
1357 2036 1432 2081 11.
1469 2033 1549 2094 †5‚
1587 2037 1632 2093 8,
1662 2037 1736 2084 16.
1773 2039 1824 2083 in
1859 2035 1910 2083 Α.

379 2102 501 2150 Maia·
525 2104 694 2164 scripit.
720 2108 828 2148 uett.
854 2116 978 2149 noua
1014 2100 1112 2148 coll.
1139 2103 1185 2158 3,
1212 2101 1258 2157 3,
1289 2102 1382 2149 130
1419 2116 1454 2148 c.
1481 2100 1597 2161 †17.
1634 2100 1749 2162 †18.
1787 2101 1910 2163 †19:

384 2169 477 2216 Cat.
508 2172 553 2226 4,
585 2171 626 2216 1.

213 2239 275 2284 40
311 2241 566 2281 MACROBIVS
600 2242 682 2282 sat.
709 2237 754 2292 2,
782 2237 825 2291 1,
852 2235 880 2283 8
918 2234 1215 2293 (ueronensis
1252 2233 1431 2294 poeta):
1486 2232 1580 2281 Cat.
1612 2236 1688 2291 14,
1719 2236 1778 2281 15

381 2304 425 2360 6,
455 2305 496 2359 1,
522 2302 613 2349 42:
658 2301 751 2348 Cat.
781 2303 858 2357 64,
890 2302 980 2348 171
1162 2301 1206 2357 6,
1237 2303 1280 2357 1,
1306 2303 1393 2348 41:
1438 2299 1532 2347 Cat.
1560 2302 1638 2358 64,
1666 2302 1779 2349 327.

212 2372 273 2418 41
316 2374 485 2424 [VIBIVS
513 2374 782 2417 SEQVESTER.
828 2368 878 2414 de
908 2367 1077 2415 Catulli
1098 2369 1281 2414 nomine
1306 2369 1354 2414 in
1386 2365 1479 2413 Vib.
1506 2365 1603 2429 Seq.
1627 2366 1748 2427 falso
1787 2366 1913 2416 illato

381 2451 401 2482 c
430 2471 440 2481 .
467 2435 527 2481 ad
566 2434 659 2482 Cat.
688 2436 766 2490 81,
793 2436 821 2483 3
848 2470 858 2480 .

213 2504 276 2549 42
313 2436 571 2546 MARQIANVS
608 2507 803 2544 CAPELLA
824 2431 884 2556 ]3‚
912 2501 1009 2547 229
1036 2499 1329 2557 (Catullus
1363 2499 1550 2559 quidam
1577 2514 1674 2545 non
1708 2499 1916 2547 insuauis

381 2567 563 2629 poeta):
608 2567 702 2614 Cat.
732 2569 809 2622 14,
837 2568 882 2614 9.

216 2636 278 2683 43
315 2640 612 2679 APOLLINARIS
654 2639 866 2677 SIDONIVS
912 2635 1035 2693 epz’st.
1085 2634 1129 2690 2,
1172 2634 1229 2680 10
1281 2647 1329 2693 p.
1369 2633 1466 2679 900
1514 2631 1654 2678 Sz‘rm.
1701 2638 1827 2679 certe
1877 2633 1913 2680 si

383 2707 569 2762 praeter
605 2714 704 2746 rem
740 2699 990 2746 oratoriam
1016 2698 1326 2745 contubernio
1363 2698 1643 2744 seminarum
1678 2698 1916 2759 poeticum

386 2767 630 2828 ingenium
667 2774 713 2813 et
748 2766 840 2813 oris
889 2765 957 2812 tui
992 2765 1149 2811 limam
1184 2764 1502 2825 frequentium
1536 2764 1800 2811 studiorum
1837 2780 1916 2812 co-

384 2833 509 2880 tibus
546 2833 794 2895 expolitam
820 2831 1030 2893 quereris
1056 2830 1266 2889 obtundi,
1303 2831 1605 2878 reminiscere
1631 2832 1755 2892 quod
1779 2846 1916 2892 saepe

386 2914 576 2947 uersum
602 2900 803 2947 Corinna
835 2913 942 2945 cum
978 2913 1062 2945 suo
1087 2898 1271 2945 Nasone
1308 2897 1574 2959 compleuit,
1608 2897 1774 2945 Lesbia
1809 2912 1917 2945 cum

388 2966 644 3024 Catullo,
681 2965 937 3014 Caesennia
965 2979 1072 3011 cum
1098 2964 1350 3021 Gaetulico,
1385 2964 1657 3026 Argentaria
1693 2979 1799 3011 cum
1823 2964 1916 3011 Lu-

387 3047 519 3090 cano,
559 3033 752 3098 Cynthia
789 3046 893 3080 cum
920 3031 1179 3093 Propertio,
1216 3031 1341 3077 Delia
1379 3045 1484 3078 cum
1511 3030 1697 3077 Tibullo
