2040 3372
815 133 879 181 23,
911 133 1039 172 1——25
1631 143 1633 145 ·
1707 135 1764 181 17

89 262 160 316 23
293 262 453 323 Fumi,
489 265 564 313 cui
600 280 752 327 neque
787 280 946 313 seruos
981 272 1050 313 est
1083 281 1235 328 neque
1270 282 1375 315 arca

293 331 387 379 Nec
423 333 568 379 cimex
603 346 755 393 neque
791 346 984 379 araneus
1019 346 1171 393 neque
1206 333 1340 394 ignis,

295 398 464 445 Verum
501 406 568 446 est
602 405 647 445 et
679 405 809 460 pater
843 406 888 444 et
925 413 1142 456 nouerca,
1178 414 1374 460 quorum

294 464 463 512 Dentes
498 465 573 512 uel
606 465 779 512 silicem
815 479 1020 512 comesse
1055 473 1264 526 possunt,

234 538 262 576 5
296 530 377 578 Est
411 531 570 592 pulcre
605 532 688 578 tihi
723 545 829 578 cum
864 538 941 577 tuo
977 539 1167 593 parente

297 596 355 643 Et
389 611 493 644 cum
529 598 725 658 coniuge
759 597 909 658 lignea
946 598 1163 658 parentis.

297 663 390 710 Nec
426 664 615 711 mirum:
652 663 771 710 bene
807 678 914 710 nam
948 664 1110 711 ualetis
1146 679 1321 722 omnes,

300 729 461 777 Pulcre
497 730 802 791 concoquitis,
841 730 954 776 nihil
988 731 1171 785 timetis,

264 806 267 808 “
297 795 399 843 Non
434 797 660 853 incendia,
699 812 794 843 non
831 810 996 856 graues
1032 797 1205 854 ruinas,

220 867 264 907 10
297 861 399 909 Non
437 863 558 910 furta
592 863 743 925 impia,
781 878 876 910 non
913 863 1044 910 dolos
1079 864 1265 922 ueneni,

297 927 399 976 Non
436 944 567 976 casus
602 930 713 976 alios
747 929 1074 990 periculorum.

300 993 437 1056 Atqui
472 1010 667 1056 corpora
702 996 895 1043 sicciora
930 1010 1078 1042 cornu

299 1062 391 1109 Aut
424 1062 572 1122 siquid
607 1062 749 1122 magis
784 1061 962 1108 aridum
997 1069 1065 1108 est
1099 1061 1276 1109 habetis

299 1127 403 1174 Sole
439 1135 484 1174 et
519 1128 688 1189 frigore
724 1134 769 1174 et
805 1127 1069 1174 esuritione.

220 1199 266 1238 15
300 1193 452 1248 Quare
488 1208 581 1239 non
618 1194 700 1240 tibi
736 1194 794 1240 sit
829 1193 946 1240 bene
982 1208 1034 1240 ac
1069 1193 1230 1240 beate?

299 1260 337 1305 A
371 1266 416 1307 te
451 1260 592 1307 sudor
628 1261 769 1316 abest,
805 1259 933 1307 abest
967 1260 1107 1307 saliua

301 1325 575 1388 Muccusque
611 1333 656 1374 et
689 1327 806 1372 mala
840 1326 1001 1387 pituita
1038 1327 1152 1374 nasi.

302 1391 431 1438 Hanc
466 1393 522 1439 ad
556 1393 824 1439 munditiem
860 1392 975 1439 adde
1009 1394 1315 1449 mundiorem,

302 1458 436 1512 Quod
471 1460 602 1507 culus
636 1459 719 1505 tibi
753 1459 914 1520 purior
949 1459 1092 1506 salillo
1129 1466 1210 1517 est,

224 1532 270 1571 20
303 1524 396 1572 Ne‘c
430 1531 527 1572 toto
564 1526 714 1573 decies
750 1540 879 1573 cacas
916 1526 963 1572 in
1000 1541 1138 1583 anno,

302 1591 451 1652 Atque
486 1592 531 1639 id
566 1592 724 1639 durius
759 1599 829 1639 est
862 1592 964 1639 faba
999 1599 1044 1639 et
1077 1591 1260 1653 lapillis:

303 1657 437 1712 Quod
472 1666 520 1706 tu
558 1659 595 1706 si
629 1658 843 1705 manibus
877 1666 997 1706 teras
1033 1659 1276 1719 fricesque,

303 1724 405 1770 Non
442 1739 658 1785 umquam
695 1725 883 1786 digitum
921 1725 1163 1785 inquinare
1197 1739 1370 1785 posses.

302 1790 425 1837 Haec
460 1798 510 1838 tu
545 1791 784 1838 commoda
818 1799 911 1837 tam
947 1790 1091 1848 beata,
1130 1791 1250 1847 Furi,

227 1864 270 1902 25
303 1856 405 1903 Noli
441 1872 663 1918 spernere
700 1872 786 1904 nec
821 1864 983 1917 putare
1019 1857 1163 1918 parui,

103 1972 167 2020 87,
186 1974 279 2012 552.
339 1972 446 2012 Guil.
474 1973 630 2025 Meyer,
658 1975 696 2013 d.
728 1974 1024 2023 Sammlungen
1053 1974 1126 2012 der
1155 1973 1435 2023 Spruclzverse
1462 1973 1531 2012 des
1559 1974 1778 2023 Publilius,

106 2025 202 2076 Lps.
218 2025 328 2075 4877,
344 2039 384 2076 p.
398 2026 492 2087 6511
520 2029 564 2066 21
597 2029 831 2079 Porphyrio
847 2028 903 2065 ad
916 2027 1014 2066 Hor.
1029 2039 1146 2066 serm.
1162 2028 1203 2076 2,
1217 2027 1258 2076 5,
1274 2028 1352 2066 299
1380 2026 1420 2064 in
1449 2026 1619 2076 priorem
1647 2027 1780 2075 (man-

108 2078 249 2129 ticam)
277 2079 405 2118 aliena
434 2079 532 2119 uitia
560 2080 767 2129 mittimus,
795 2079 885 2119 ideo
915 2083 953 2120 et
982 2079 1162 2120 uidemus
1192 2080 1329 2119 facile:
1358 2079 1399 2118 in
1419 2079 1679 2142 posteriorem
1708 2091 1779 2119 no-

107 2134 203 2182 stra,
223 2143 325 2183 quae
345 2132 624 2173 abscondimus
644 2136 684 2172 et
704 2133 836 2172 uidere
853 2133 1049 2174 nolumus.
1092 2133 1169 2172 hoc
1189 2132 1367 2172 Catullus
1395 2133 1596 2172 meminit:
1683 2133 1778 2172 ui-

109 2184 250 2225 demus
277 2185 473 2225 manticae
503 2186 609 2237 quod
637 2186 678 2225 in
709 2190 820 2236 tergo
850 2183 927 2226 est’
933 2215 943 2225 .

239 2237 298 2280 23
325 2239 601 2278 Inter-§titium
627 2240 789 2278 nullum
807 2240 863 2279 V:
892 2238 952 2278 Ad
980 2238 1140 2278 Furium
1167 2240 1213 2277 in
1240 2251 1373 2289 marg.
1390 2239 1518 2289 addg
1545 2237 1559 2290 ΙΙ
1591 2241 1608 2278 l
1640 2250 1779 2278 seruos

107 2290 295 2330 Statius:
323 2303 437 2332 seruo
470 2293 514 2332 V
535 2293 717 2343 [BCHA]
752 2293 800 2331 al’
829 2304 967 2332 seruus
994 2304 1083 2330 sscr
1106 2303 1139 2341 g
1175 2290 1188 2343 ΙΙ
1225 2291 1342 2331 archa
1372 2292 1416 2331 V
1440 2291 1454 2342 11
1493 2294 1516 2331 2
1545 2292 1673 2331 cimex
1701 2291 1779 2331 aial

108 2355 240 2396 neque
269 2344 389 2394 (illud
415 2346 560 2384 animal
589 2347 838 2384 tenuissimis
867 2346 987 2384 lineis
1016 2345 1190 2383 deletum
1219 2346 1291 2395 est)
1323 2343 1378 2384 G*
1415 2345 1542 2384 cimex
1571 2345 1618 2384 al’
1650 2356 1778 2395 neque

111 2422 169 2462 0*
195 2422 210 2475 11
236 2435 332 2475 neqs
360 2425 462 2475 ignis
485 2427 604 2476 (qsin
626 2438 707 2464 ras.
720 2437 764 2474 g,
787 2425 888 2475 quid
907 2427 1027 2475 prius
1050 2423 1185 2470 fuerit
1201 2426 1424 2474 incertum)
1442 2424 1474 2464 G
1500 2423 1515 2476 11
1544 2427 1565 2464 7
1597 2401 1679 2464 Nec
1709 2425 1780 2463 mi-

45 2476 47 2479 ’
108 2487 198 2515 rum
225 2478 335 2527 (quis
361 2478 375 2516 i
401 2480 740 2528 super-scripserit
765 2482 806 2516 et
823 2489 869 2517 ec
891 2480 1173 2528 suppunoeerit
1198 2490 1283 2516 non
1302 2478 1451 2528 liquet:
1479 2490 1553 2518 nec
1576 2477 1627 2517 G¹
1655 2489 1731 2517 nec
1746 2489 1779 2528 g

109 2528 260 2576 fecisse
294 2530 480 2581 uidetur)
513 2531 592 2570 G*.·
629 2531 688 2570 Ne
721 2531 862 2570 mirum
894 2530 925 2569 0
962 2529 1026 2569 Nil
1054 2531 1195 2570 mirum
1224 2531 1418 2570 Heinsius
1454 2530 1468 2582 11
1506 2534 1529 2571 9
1558 2531 1691 2571 ruinas
1723 2531 1780 2570 G:

111 2582 239 2623 minas
269 2584 301 2622 0
329 2584 483 2633 [minas,
515 2587 560 2623 in
588 2596 721 2634 marg.
752 2584 799 2623 al'
826 2583 980 2633 ruinas,
1009 2583 1056 2632 L]
1093 2584 1106 2636 11
1146 2586 1192 2624 10
1221 2584 1324 2623 furta
1355 2585 1582 2634 Hauptius:
1612 2584 1715 2624 facta
1748 2584 1779 2623 O

113 2636 220 2676 facta
247 2637 495 2688 (suppunxit
521 2638 628 2676 idem
657 2639 731 2688 qui
758 2639 803 2676 in
829 2650 870 2676 u
885 2636 910 2675 7
934 2640 1091 2687 puncta
1120 2637 1201 2676 duo
1230 2636 1350 2684 infra
1371 2638 1532 2688 posuit)
1555 2637 1588 2676 G
1607 2637 1704 2686 [fata
1724 2637 1777 2686 D]

72 2723 75 2726 Α
111 2688 128 2742 u
158 2677 206 2730 12
234 2690 314 2729 Aut
341 2691 417 2742 qui
412 2691 472 2732 V
492 2690 542 2730 Vt
570 2691 636 2742 qui
667 2691 826 2730 Statius
852 2690 866 2741 11
898 2692 945 2730 13
975 2690 1125 2730 aridum
1144 2691 1270 2741 magis
1290 2691 1335 2730 V
1350 2690 1366 2742 11
1396 2693 1443 2731 14
1472 2691 1708 2738 [exuritione
1727 2691 1779 2739 D]

112 2742 350 2785 essuritione
368 2744 602 2795 Bergk-insu
619 2746 665 2785 15
687 2744 738 2783 sit
757 2744 812 2783 0.-
839 2742 873 2782 si
891 2742 950 2794 GH
969 2744 1016 2783 16
1045 2742 1164 2783 sudor
1179 2744 1292 2783 abest
1308 2745 1339 2794 (t
1354 2745 1399 2782 in
1413 2756 1498 2782 ras.
1517 2743 1604 2785 add
1615 2756 1661 2794 g,
1688 2743 1780 2791 fue-

110 2800 182 2836 rat
195 2794 376 2842 fortasse
395 2798 548 2847 abesse)
567 2797 599 2836 G
625 2796 640 2846 ΙΙ
667 2797 781 2837 abest
807 2796 932 2835 semel
948 2796 1004 2834 0*
1031 2795 1046 2845 11
1071 2796 1195 2836 saluia
1215 2797 1271 2835 0*
1295 2798 1310 2845 11
1343 2799 1388 2836 17
1418 2795 1588 2846 Mucc(ct
1606 2797 1782 2846 O*)usue

115 2847 160 2888 V
180 2848 195 2902 11
221 2849 388 2901 pictuita
408 2850 738 2901 (suppunoeitG¹)
763 2850 821 2889 G*
849 2850 862 2902 11
894 2851 940 2890 18
973 2849 1207 2890 mundiciem
1239 2850 1276 2889 V
1300 2848 1316 2901 11
1347 2852 1393 2890 19
1424 2850 1535 2890 cuius
1552 2850 1632 2900 V*
1661 2851 1673 2889 i
1702 2851 1782 2890 inl

115 2914 213 2941 cor-r
235 2915 280 2953 g,
307 2904 415 2943 idem
439 2916 471 2954 g
497 2916 584 2942 sscr
612 2904 660 2943 al‘
689 2915 788 2943 auus
816 2906 903 2952 aut,
936 2903 1047 2953 quod
1071 2905 1150 2942 uix
1177 2904 1359 2942 discerni
1380 2906 1539 2953 potest,
1577 2903 1626 2942 al’
1655 2904 1782 2952 cuius,

113 2955 188 2993 sed
211 2956 320 2995 illud
339 2957 600 3007 probabilius
625 2958 732 2995 mihi
757 2957 980 2995 uidebatur
1007 2956 1133 3004 [cuius
1162 2960 1264 2995 etin
1291 2955 1449 3006 margi
1477 2957 1588 2996 culus
1611 2956 1654 3006 C]
1682 2957 1696 3008 11
1723 2957 1783 2995 lu-

116 3007 225 3058 pinis
243 3008 512 3062 Guilielmusu
527 3011 575 3049 22
595 3010 768 3061 friesque
784 3009 1063 3048 Baehrensius
1082 3008 1096 3061 11
1121 3011 1170 3049 23
1185 3021 1359 3061 unquam
1377 3009 1421 3049 V
1427 3009 1440 3062 11
1455 3010 1585 3061 possis
1601 3024 1636 3049 ω
1651 3010 1784 3060 uulgo

116 3061 272 3111 possets
299 3063 573 3102 Baehrensius
599 3063 611 3114 11
640 3065 691 3102 24
719 3066 784 3102 tua
818 3063 862 3102 V
878 3061 891 3113 11
921 3061 1148 3102 comodaO

201 3125 357 3158 Catullus
1443 3131 1465 3167 2
