2040 3372
806 125 872 172 42,
903 124 1045 174 1-43,
1075 125 1098 163 2
1737 118 1799 164 29

110 254 184 311 42
315 256 502 317 Adeste,
537 257 919 319 hendecasyllabi,
956 264 1069 318 quot
1105 257 1212 305 estis

316 324 488 372 Omnes
523 324 744 385 undique,
781 331 1010 384 quotquot
1044 324 1152 371 estis
1187 338 1362 371 omnes.

315 391 473 438 locum
506 406 580 438 me
616 397 744 452 putat
780 405 878 437 esse
914 390 1104 437 moecha
1137 391 1285 452 turpis

315 457 374 505 Et
409 464 547 519 negat
581 457 692 503 mihi
726 463 880 503 uestra
914 457 1192 504 reddituram

261 531 284 569 5
317 524 573 586 Pugillaria,
610 523 646 570 si
682 523 774 584 pati
809 524 1014 584 potestis.

315 590 652 652 Persequamur
686 604 798 644 eam,
836 597 881 636 et
914 589 1235 650 reflagitemus.

317 656 444 711 Quae
479 657 537 704 sit
572 656 804 717 quaeritis.
874 656 947 702 illa
983 670 1117 716 quam
1157 656 1320 703 uidetis

317 722 471 784 Turpe
507 723 738 778 incedere,
774 723 959 770 mimice
995 736 1046 769 ac
1081 723 1272 770 moleste

315 788 558 837 Ridentem
594 788 732 836 catuli
768 803 848 835 ore
883 789 1105 849 gallicani.

239 862 282 901 10
317 855 646 903 Circumsistite
683 869 797 913 eam,
835 863 880 902 et
915 856 1178 916 reflagitate,

312 916 522 969 ‘Moecha
558 922 730 984 putida,
765 921 904 968 redde
940 922 1186 979 codicillos,

315 988 486 1046 Redde,
522 988 680 1050 putida
713 989 918 1046 moecha,
956 983 1220 1035 codicillos?

316 1054 420 1101 Non
456 1055 567 1102 assis
601 1053 746 1101 facis?
783 1070 808 1100 o
844 1054 1005 1112 lutum,
1042 1054 1250 1116 lupanar,
1293 1084 1300 1101 1

317 1122 407 1168 Aut
441 1121 478 1168 si
514 1121 735 1182 perditius
769 1128 901 1182 potes
936 1121 1044 1181 quid
1081 1135 1195 1168 esse.

239 1194 281 1232 15
317 1187 407 1234 Sed
442 1202 536 1234 non
574 1193 642 1234 est
676 1193 828 1232 tamen
864 1187 953 1233 hoc
988 1187 1094 1234 satis
1129 1186 1395 1248 putandum.

318 1253 452 1307 Quod
488 1253 526 1300 si
562 1269 656 1300 non
694 1253 814 1299 aliud
852 1260 1017 1313 potest,
1054 1253 1271 1300 ruborem

317 1319 488 1366 Ferreo
525 1320 652 1367 canis
687 1319 996 1380 exprimamus
1031 1335 1124 1366 ore.

319 1386 611 1433 Conclamate
646 1386 810 1432 iterum
846 1386 1006 1432 altiore
1042 1401 1158 1433 uoce

313 1446 524 1500 ‘Moecha
558 1453 730 1514 putida,
766 1453 904 1499 redde
941 1453 1188 1511 codicillos,

239 1527 284 1565 20
318 1518 487 1576 Redde,
526 1519 684 1580 putida
719 1520 924 1575 moecha,
963 1515 1239 1566 codicillos’.

321 1585 412 1632 Sed
448 1586 516 1633 nil
547 1586 829 1647 proficimus,
865 1586 980 1632 nihil
1017 1594 1245 1633 mouetur.

319 1652 534 1699 Mutanda
571 1660 639 1699 est
673 1652 789 1698 ratio
824 1653 1082 1713 modusque
1119 1652 1268 1709 nobis,

320 1718 480 1779 Siquid
515 1719 968 1780 proficere=amplius
1002 1719 1207 1780 potestis,

315 1778 505 1832 ‘Pudica
543 1792 587 1832 et
621 1785 779 1846 proba,
816 1784 956 1832 redde
993 1777 1267 1832 codicillos'.

117 1955 190 2009 43
326 1955 476 2012 Salue,
513 1971 601 2003 nec
635 1957 825 2002 minimo
862 1957 1013 2018 puella
1052 1971 1165 2004 naso

323 2024 416 2070 Nec
449 2023 570 2070 bello
605 2023 722 2084 pede
759 2037 846 2069 nec
882 2023 1025 2084 nigris
1060 2023 1216 2070 ocellis

255 2152 313 2195 42
341 2154 615 2192 Interstitium
642 2153 803 2191 nullum
826 2155 871 2194 V
888 2152 901 2205 ΙΙ
932 2156 951 2194 1
983 2153 1158 2193 endecha
1187 2151 1317 2192 sillabi
1341 2151 1384 2191 V
1394 2148 1409 2200 ΙΙ
1433 2153 1455 2191 3
1485 2152 1631 2191 Locum
1655 2152 1698 2192 V
1714 2164 1802 2190 sser

126 2208 174 2247 al’
192 2207 394 2272 Iocumgss
410 2207 549 2247 mecha
568 2206 600 2245 G
628 2218 738 2246 meca
761 2207 793 2244 O
820 2206 834 2259 ll
863 2209 887 2246 4
915 2212 1050 2247 nostra
1068 2221 1102 2245 ω
1131 2206 1144 2257 Η
1173 2210 1195 2247 5
1218 2206 1434 2246 Charisius
1441 2217 1485 2255 p.
1501 2205 1626 2256 97‚·40
1639 2205 1684 2244 K.
1710 2201 1800 2244 ‘hos

125 2260 343 2312 pugillares
392 2265 433 2300 et
460 2259 681 2300 masculino
718 2271 862 2310 genere
901 2263 940 2299 et
975 2272 1132 2310 semper
1158 2259 1362 2311 pluraliter
1390 2258 1517 2307 dicas,
1554 2259 1657 2298 sicut
1684 2260 1718 2308 (⁶2
1747 2271 1802 2296 an

126 2314 230 2354 sicut
257 2313 327 2364 ait)
347 2313 508 2353 Asinius
537 2313 577 2352 in
598 2312 812 2361 Valerium,
842 2312 934 2364 quia
964 2313 1141 2364 pugillus
1171 2316 1231 2352 est
1261 2313 1325 2364 qui
1357 2312 1491 2362 plures
1511 2312 1681 2351 tabellas
1709 2323 1803 2351 con-

126 2367 227 2407 tinet
254 2367 294 2405 in
323 2367 464 2406 seriem
493 2369 616 2406 sutas.
661 2369 701 2404 at
728 2371 860 2405 tamen
885 2365 1001 2406 ‘haec
1019 2362 1248 2417 pugillaria’
1278 2366 1437 2415 saepius
1457 2365 1689 2405 neutraliter
1707 2364 1803 2404 dicit

125 2419 231 2460 idem
245 2420 425 2459 Catullus
452 2420 493 2459 in
516 2418 861 2470 hendecasyllabis
889 2418 903 2470 ΙΙ
932 2423 953 2459 7
983 2419 1092 2459 illam
1116 2419 1148 2459 G
1174 2419 1188 2470 ΙΙ
1218 2421 1239 2460 8
1269 2419 1426 2458 mimice
1451 2417 1686 2457 Turnebus:
1713 2418 1804 2457 mir·

126 2474 230 2513 mice
243 2473 291 2513 V
308 2471 322 2522 ΙΙ
351 2475 374 2512 9
403 2486 458 2512 an
473 2472 736 2522 Ringentem?
762 2471 775 2524 ΙΙ
803 2472 939 2511 catulli
959 2473 1003 2512 V
1021 2472 1034 2523 ΙΙ
1064 2475 1110 2514 11
1140 2472 1279 2512 Mecha
1298 2472 1331 2512 G
1358 2471 1468 2511 Meca
1494 2472 1524 2510 O
1551 2472 1566 2524 ΙΙ
1597 2473 1645 2511 12
1664 2483 1803 2511 moeca

123 2527 162 2566 0
188 2526 327 2566 mecha
358 2525 391 2565 G
417 2526 431 2577 ΙΙ
461 2528 508 2566 13
538 2525 633 2565 facit
653 2525 911 2564 Halbertsma
937 2524 951 2577 ΙΙ
981 2538 1004 2565 o
1032 2525 1172 2575 lutum,
1201 2539 1224 2566 o
1244 2525 1590 2577 lupanar-Statius
1613 2523 1628 2576 ΙΙ
1658 2527 1708 2565 14
1732 2537 1803 2576 po·

128 2582 189 2620 tes
210 2579 249 2620 V
257 2578 305 2618 *:
330 2582 464 2630 potest
494 2579 688 2629 [plurimi
716 2580 813 2617 boni
842 2579 952 2627 libri]
981 2580 1111 2629 uulgo
1138 2581 1154 2630 ΙΙ
1184 2582 1231 2620 16
1254 2583 1295 2618 et
1321 2582 1366 2619 17
1396 2583 1491 2630 post
1516 2591 1557 2618 u.
1585 2580 1643 2618 25
1670 2582 1805 2617 trans-
1851 2584 1854 2587 '

126 2635 271 2684 posuit
306 2632 585 2683 Westphalius
621 2632 750 2671 simul
773 2631 884 2681 Quo,
922 2632 955 2671 si
994 2645 1070 2672 non
1108 2635 1292 2672 scribens
1325 2638 1364 2671 ec
1399 2644 1565 2671 carmen
1600 2633 1648 2670 in
1685 2636 1804 2683 quat·

130 2690 227 2725 tuor
260 2698 452 2725 senorum
487 2698 684 2724 uersuum
719 2687 911 2735 strophas
948 2686 1207 2736 dispertiens.
1273 2686 1433 2725 eosdem
1468 2689 1562 2735 post
1596 2686 1647 2725 21
1682 2685 1807 2724 simul

127 2751 171 2780 u.
199 2739 247 2778 46
282 2741 377 2790 pote
413 2743 459 2779 ut
490 2741 674 2778 scribens
708 2740 850 2789 posuit
883 2738 1066 2778 Pleitner
1100 2738 1114 2790 ΙΙ
1154 2742 1201 2781 16
1234 2739 1367 2779 abiud
1403 2738 1562 2787 (fuerat
1594 2738 1732 2788 alliud)
1773 2737 1806 2778 G

128 2792 142 2843 ΙΙ
169 2796 283 2843 pote,
322 2796 366 2831 ut
392 2815 445 2821 —
473 2804 554 2843 ore,
582 2791 837 2843 Conclamate
866 2792 1018 2831 Munro
1044 2791 1058 2845 ΙΙ
1088 2796 1136 2833 17
1166 2793 1282 2833 Ferre
1312 2792 1447 2832 ocanis
1477 2792 1526 2841 V,
1563 2792 1660 2830 inde
1688 2791 1805 2831 Ferre

131 2857 156 2884 0
185 2846 293 2885 canis
320 2846 505 2885 radendo
535 2849 575 2884 et
602 2845 852 2895 corrigendo
880 2844 982 2891 feeit
1004 2858 1037 2895 g
1067 2845 1080 2894 ss
1106 2846 1188 2886 orei
1217 2846 1423 2886 Maehlius
1450 2846 1465 2896 ΙΙ
1495 2847 1556 2886 19.
1586 2847 1636 2886 20
1664 2844 1804 2885 Mecha

134 2897 179 2947 G,
206 2897 317 2938 Meca
349 2899 380 2937 0
418 2897 434 2952 ll
475 2900 522 2939 21
555 2898 675 2938 nichil
705 2898 743 2938 V
778 2897 792 2948 ΙΙ
815 2897 881 2937 ‘ns
907 2901 974 2948 (=
1002 2899 1136 2950 nichil)
1169 2900 1199 2938 0
1229 2899 1351 2939 nichil
1379 2902 1607 2950 scripserat
1636 2899 1680 2947 G,
1708 2899 1806 2937 inde

133 2950 263 2990 nilu*
293 2964 447 2990 rasura
477 2956 517 2990 et
544 2956 786 2991 correctura
809 2950 953 3002 feeitg
979 2950 994 3003 ΙΙ
1024 2953 1073 2992 22
1101 2953 1218 2993 uobis
1235 2968 1269 2992 ω
1297 2952 1311 3003 ΙΙ
1339 2953 1525 3004 potestis]
1553 2965 1608 2991 an
1628 2952 1807 3004 putatis?

126 3003 276 3044 -uoletis
305 3005 508 3044 Maelzlius
582 3040 585 3043 ,

264 3056 323 3099 43
350 3058 627 3097 Interstitium
641 3059 801 3097 nullum
818 3057 862 3097 V
882 3056 896 3108 Η
926 3060 943 3097 1
968 3057 1090 3099 nimio
1107 3073 1142 3098 ω
1158 3059 1349 3108 Scaliger
1376 3057 1390 3110 ΙΙ
1418 3059 1441 3098 2
1459 3058 1581 3099 ocelis
1600 3058 1645 3109 G,
1668 3071 1765 3097 corr
1774 3069 1807 3108 g·
