2040 3372
814 150 877 199 32,
907 149 1050 197 3—34,
1082 149 1129 187 10
1758 142 1819 187 23

518 281 630 327 Iube
665 281 719 327 ad
758 288 800 328 te
837 281 1019 327 ueniam
1056 279 1357 327 meridiatum.

520 346 578 393 Et
611 347 648 394 si
684 347 871 394 iusseris
907 347 1032 404 illud,
1070 347 1283 392 adiuuato

468 421 490 458 5
524 413 695 474 Nequis
730 413 899 460 liminis
936 413 1118 460 obseret
1151 412 1377 467 tabellam,

519 479 618 526 Neu
652 478 735 525 tibi
770 480 923 526 lubeat
960 480 1082 526 foras
1117 478 1255 536 abire,

519 545 608 592 Sed
643 546 765 592 domi
800 560 985 592 maneas
1021 560 1247 606 paresque
1285 544 1417 591 nobis

519 612 692 658 Nouem
731 612 974 659 continuas
1009 612 1277 658 fututiones.

518 677 702 735 Verum,
737 678 887 739 siquid
924 693 1043 740 ages,
1079 678 1230 725 statim
1265 677 1443 723 iubeto:

440 752 482 790 10
518 745 631 791 Nam
666 759 863 805 pransus
898 745 1024 791 iaceo
1062 751 1107 791 et
1142 751 1268 791 satur
1302 744 1497 804 supinus

519 811 754 857 Pertundo
790 811 1085 872 tunicamque
1122 810 1416 871 palliumque.

132 1060 199 1115 33
523 1059 565 1112 Ο
602 1063 754 1108 furum
791 1062 961 1122 optime
997 1061 1337 1107 balneariorum

493 1143 496 1146 ⁴
525 1127 720 1174 Vibenni
754 1136 897 1188 pater,
935 1135 979 1174 et
1015 1128 1204 1174 cinaede
1240 1127 1317 1184 fili,

520 1194 649 1252 (Nam
687 1195 845 1240 dextra
880 1201 1010 1255 pater
1045 1193 1371 1254 inquinatiore‚

520 1260 632 1307 Culo
668 1261 788 1308 filius
823 1268 892 1308 est
926 1260 1179 1318 uoraciore)

467 1334 489 1372 5
524 1327 617 1373 Cur
653 1342 746 1373 non
786 1327 968 1374 exilium
1006 1327 1237 1386 malasque
1275 1326 1322 1372 in
1361 1339 1460 1372 oras

518 1391 632 1440 Itis?
668 1393 1041 1454 quandoquidem
1076 1393 1216 1454 patris
1253 1393 1440 1454 rapinae

521 1460 664 1506 Notae
699 1468 807 1507 sunt
843 1460 1029 1521 populo,
1067 1467 1112 1506 et
1148 1459 1265 1506 natis
1300 1459 1480 1520 pilosas,

520 1525 618 1583 Fili,
650 1541 745 1572 non
782 1534 912 1588 potes
947 1541 1043 1574 asse
1080 1525 1331 1573 uenditare.

131 1777 200 1832 34
518 1775 698 1826 Dianae
733 1792 891 1825 sumus
929 1779 975 1825 in
1013 1778 1100 1824 fide

521 1844 702 1890 Puellae
739 1851 783 1890 et
820 1845 951 1905 pueri
986 1844 1176 1906 integri:

521 1910 716 1957 Dianam
745 1914 882 1971 pueri
915 1914 1079 1972 inteyri

585 1976 859 2037 Puellaeque
895 1991 1125 2038 canamus.

465 2107 487 2144 5
523 2097 559 2144 Ο
597 2097 801 2150 Latonia,
838 2095 1023 2142 maximi

518 2164 680 2225 Magna
714 2163 961 2225 progenies
995 2163 1133 2219 louis,

521 2230 666 2285 Quam
702 2237 847 2276 mater
881 2243 1027 2290 prope
1063 2229 1224 2276 deliam

585 2296 823 2357 Deposiuit
857 2295 1039 2353 ohuam,

519 2415 742 2462 Montium
778 2416 962 2462 domina
996 2423 1048 2461 ut
1081 2416 1203 2462 fores

439 2490 482 2528 10
516 2482 838 2543 Siluarumque
874 2482 1121 2529 uirentium

130 2653 201 2700 55,
221 2652 286 2702 42,
313 2652 490 2704 ipsithlla
513 2653 545 2693 G
576 2652 768 2704 ipsythila
787 2652 827 2690 D
863 2652 1013 2702 ipsitila
1032 2653 1121 2701 AL]
1158 2652 1235 2703 ipsi
1263 2650 1331 2690 illa
1355 2649 1412 2688 0*
1447 2647 1620 2699 Ipsicilla
1640 2660 1676 2686 ω
1708 2646 1806 2698 Ipsi-

131 2705 241 2744 milla
267 2705 546 2746 Baehrensius
573 2705 814 2757 Hypsithilla
834 2705 1024 2755 Scaliger
1049 2704 1064 2757 ΙΙ
1091 2708 1116 2745 4
1144 2705 1331 2745 adiubeto
1358 2702 1572 2742 Turnebus
1597 2699 1612 2753 ΙΙ
1638 2703 1661 2741 5
1690 2699 1808 2739 lumi-

132 2758 194 2798 nis
225 2758 280 2797 0*
307 2757 322 2810 ΙΙ
349 2761 373 2799 6
400 2759 494 2799 lube
524 2759 629 2799 foras
658 2759 794 2798 habire
826 2759 881 2798 0*
910 2758 924 2810 ΙΙ
952 2760 974 2799 8
1005 2758 1228 2798 futuciones
1259 2758 1302 2798 V

264 2810 323 2854 33
350 2812 627 2852 Interstitium
654 2813 815 2851 nullum
838 2813 882 2852 V
899 2811 913 2861 ΙΙ
942 2813 978 2851 3.
994 2813 1018 2851 4
1046 2815 1158 2863 pater
1185 2815 1247 2851 est
1268 2810 1470 2851 uoraciore
1491 2807 1588 2847 Gulo
1617 2805 1724 2846 filius
1742 2805 1802 2844 in-

134 2865 354 2915 quinatiore
386 2865 531 2906 Carrio
558 2864 572 2918 ΙΙ
601 2868 626 2906 4
652 2866 851 2905 uoratiore
879 2864 919 2904 V
945 2865 994 2904 al'
1022 2865 1245 2904 volentiore
1274 2864 1358 2903 add
1386 2865 1432 2901 in
1459 2872 1592 2911 marg.
1609 2872 1641 2910 g
1668 2862 1800 2909 [uora-

132 2917 244 2958 tiore.
299 2918 349 2957 al’
383 2918 606 2959 uolantiore
634 2919 669 2958 B
706 2918 928 2958 uolantiore
963 2917 1013 2956 al’
1050 2919 1247 2958 uoratiore
1277 2918 1311 2956 L
1348 2915 1570 2957 uolantiore
1597 2913 1761 2961 ACHP]
1794 2910 1808 2963 ΙΙ

133 2972 158 3009 5
186 2970 301 3011 horas
330 2971 374 3011 V
391 2970 408 3023 Ι
436 2974 458 3012 8
487 2974 620 3022 potest
649 2983 716 3011 ase
745 2970 955 3011 uendieare
985 2970 1028 3010 V

263 3021 321 3066 84
348 3025 622 3064 Interstitium
661 3025 822 3063 nullum
851 3024 900 3064 V.
956 3023 1118 3064 Carmen
1146 3023 1268 3063 Diane
1292 3034 1323 3072 g
1361 3023 1407 3060 in
1434 3033 1569 3071 marg.
1608 3019 1622 3072 ΙΙ
1664 3021 1686 3059 3
1716 3018 1802 3056 add

132 3075 257 3114 Itali:
286 3088 351 3116 om
372 3077 416 3116 V
434 3076 449 3130 ΙΙ
477 3081 499 3118 5
530 3077 559 3117 Ο
588 3077 735 3117 lat6nia
754 3078 808 3116 O*
834 3077 848 3127 ΙΙ
877 3078 898 3117 8
929 3076 1119 3128 Deposuit
1142 3078 1186 3117 V
1204 3075 1218 3127 l}
1249 3079 1296 3116 10
1326 3075 1544 3115 uirencium
1571 3074 1684 3124 (corr
1698 3076 1744 3121 g)
1767 3069 1811 3110 V
