2040 3372
811 108 875 156 92,
903 106 1046 157 3—95,
1075 107 1099 146 6
1725 105 1786 152 93

317 239 420 295 Quo
454 237 622 301 signo?
657 239 761 300 quia
798 248 908 288 sunt
941 240 1129 287 totidem
1165 253 1292 285 mea:
1329 237 1556 301 deprecor
1589 240 1712 289 illam

382 306 588 363 Assidue,
623 320 788 352 uerum
822 307 1077 369 dispeream
1111 306 1200 353 nisi
1235 319 1352 352 am0.

117 527 183 582 93
315 526 400 579 Nil
435 529 629 577 nimium
663 529 842 586 stude0,
879 529 1057 587 Caesar,
1093 530 1176 576 tibi
1210 529 1330 577 uelle
1364 530 1561 593 plaeere,

382 596 477 643 Nec
512 599 628 644 scire
664 603 820 643 utrum
854 597 917 644 sis
951 597 1077 644 albus
1111 611 1169 643 an
1204 605 1301 644 ater
1334 597 1490 646 homo.

102 803 187 873 ’94
318 818 528 870 Mentula
563 820 845 868 moechatur.
902 821 1173 868 moechatur
1206 822 1411 868 mentula
1447 829 1586 869 certe.

382 887 482 934 Hoc
518 894 600 945 est,
636 887 761 948 quod
795 887 970 944 dieunt,
1005 888 1105 949 ipsa
1140 888 1264 934 olera
1300 888 1388 934 olla
1421 888 1544 950 legit.

118 1110 183 1164 95
321 1109 525 1174 Zmyrna
560 1112 651 1158 mei
687 1111 861 1159 Cinnae
897 1127 1070 1160 nonam
1104 1118 1211 1174 post
1244 1113 1446 1174 denique
1480 1128 1679 1161 messem

307 1191 309 1194 ·
383 1178 531 1233 Quam
567 1185 729 1240 coepta
763 1185 833 1226 est
866 1193 1132 1240 nonamque
1168 1179 1287 1226 edita
1320 1186 1427 1241 post
1459 1180 1674 1238 hiemem,

316 1245 439 1292 Milia
474 1259 579 1292 eum
614 1245 790 1292 interea
826 1246 1079 1306 quingenta
1114 1246 1389 1293 Hortensius
1422 1261 1517 1293 uno

259 1386 282 1424 5
316 1377 510 1440 Zmyrna
544 1392 679 1425 canas
714 1378 922 1425 Satrachi
955 1379 1142 1439 penitus
1175 1379 1383 1425 mittetur
1415 1379 1472 1425 ad
1506 1379 1667 1435 undas,

383 1443 623 1506 Zmyrnam
661 1459 775 1491 cana
809 1445 886 1492 diu
922 1444 1104 1492 saecula
1138 1445 1426 1506 peruoluent.

251 1590 276 1629 3
305 1593 345 1628 et
371 1591 397 1630 4
432 1591 584 1628 habent
620 1589 777 1628 Gellius
811 1593 853 1628 et
889 1589 920 1628 0
955 1589 1003 1638 [L
1043 1590 1135 1639 (sec.
1163 1590 1233 1639 m.)
1268 1590 1305 1629 P
1326 1591 1515 1630 Amin-os.
1548 1600 1567 1629 l
1591 1590 1641 1630 67
1672 1589 1788 1630 Harl.

118 1643 223 1683 2574
267 1644 398 1682 Paris.
438 1643 564 1682 8252.
604 1644 713 1683 8256
761 1642 1109 1682 Commelinianus
1148 1642 1298 1683 Dresd.
1338 1643 1474 1682 Laud.
1518 1642 1698 1693 Vivent„
1742 1645 1790 1682 in

121 1697 309 1736 Ambros.
336 1705 366 1735 D
393 1697 445 1735 24
482 1698 520 1732 ei
550 1700 647 1746 post
669 1698 732 1743 96,
758 1698 782 1735 6
811 1697 1041 1744 leguntur]:
1073 1708 1140 1734 eos
1169 1697 1365 1734 omittunt
1394 1696 1427 1735 G
1456 1696 1693 1744 [ABCDHL
1721 1698 1788 1745 (m.

118 1750 200 1801 pr.)
238 1749 284 1787 A
320 1748 451 1787 Laur.
478 1750 556 1796 55,
593 1749 643 1787 42
685 1750 816 1787 Paris.
854 1750 953 1787 7990
992 1748 1183 1787 Riccard.
1218 1750 1291 1788 606
1334 1749 1469 1789 Vatia.
1505 1749 1606 1789 4650
1650 1749 1790 1789 Guiac.

118 1803 316 1842 Britann.
344 1801 477 1841 44674.
504 1801 628 1840 44945
664 1802 797 1840 Burn.
815 1802 911 1850 455]
939 1801 954 1853 ΙΙ
979 1803 1002 1840 3
1034 1802 1126 1853 quia
1156 1805 1250 1840 sunt
1272 1802 1303 1840 0
1331 1802 1381 1850 [L
1397 1805 1464 1852 (m.
1480 1804 1625 1852 see.)P
1646 1804 1789 1842 Ambr.

119 1866 144 1896 J
166 1855 217 1896 67
257 1855 374 1894 Harl.
404 1855 536 1893 Paris.
563 1856 687 1894 8252.
714 1856 822 1895 8256
861 1855 1010 1895 Dresd.
1040 1855 1173 1894 Laud.
1206 1855 1400 1903 Vieentj:
1445 1856 1538 1907 quia
1575 1856 1637 1895 sin
1668 1856 1791 1896 Gellii

122 1909 257 1950 Vatia.
283 1909 391 1949 5452
418 1921 449 1947 s.
470 1917 570 1947 ΧΙΙΙ
594 1909 650 1956 (et
676 1908 864 1959 Scioppii
889 1912 1008 1947 uetus
1036 1907 1182 1957 codem)
1211 1920 1311 1959 quas
1338 1909 1423 1957 (uel
1450 1909 1579 1959 quasi)
1606 1910 1646 1948 in
1670 1909 1793 1948 Gellii

120 1964 249 2002 ceteri
281 1960 298 2010 ΙΙ
332 1960 470 2001 eadem
498 1960 659 1999 Riesius
684 1961 698 2011 ΙΙ
724 1973 812 2000 mea
842 1961 1047 2009 [Commel.
1076 1961 1210 2000 Laud.
1240 1961 1401 2002 Vicent.
1430 1964 1619 2001 Ambros.
1646 1972 1676 2002 D
1702 1964 1789 2012 241:

119 2027 167 2055 ea
198 2015 229 2054 0
256 2014 308 2063 [L
334 2015 403 2062 (m.
429 2016 524 2063 sec.)
552 2016 588 2053 P
615 2016 804 2054 Ambros.
834 2024 857 2054 Ι
879 2016 928 2054 67
967 2015 1084 2054 Harl.
1121 2014 1284 2062 Dresia]
1327 2018 1367 2053 et
1409 2016 1508 2054 libri
1547 2015 1671 2054 Gellii
1711 2018 1789 2064 [me

117 2069 253 2108 Paris.
279 2069 391 2108 8252
420 2079 522 2118 quae
550 2071 591 2105 et
615 2069 662 2106 in
688 2079 823 2117 marg.
851 2079 938 2107 mea
967 2069 1088 2107 Paris
1110 2068 1232 2116 8256]
1262 2068 1354 2119 quia
1383 2069 1513 2108 sentio
1541 2068 1667 2108 idem:
1697 2081 1788 2108 nam

117 2121 413 2161 Froelzliclzius
438 2120 454 2172 ΙΙ
481 2122 507 2160 4
534 2131 671 2160 uerum
700 2122 800 2160 libri
820 2121 943 2160 Gellii
950 2136 965 2160 .-
993 2133 1087 2160 uero
1107 2120 1190 2171 (nmo)
1212 2121 1243 2159 O
1263 2121 1313 2170 [L
1331 2123 1398 2172 (m.
1417 2123 1511 2173 sec.)
1530 2123 1662 2162 Paris.
1675 2124 1788 2163 8252

118 2186 200 2214 non
225 2175 414 2214 Ambros.
446 2183 468 2213 Ι
491 2173 539 2213 67
566 2174 683 2213 Harl.
709 2175 872 2223 Dresia]

250 2226 311 2270 93
328 2227 604 2266 Interstitium
623 2227 786 2266 nullum
806 2228 855 2267 V.
885 2227 1172 2276 Quintilianus
1189 2228 1286 2267 inst.
1306 2231 1414 2268 orat.
1434 2228 1494 2278 44,
1514 2228 1551 2276 4,
1570 2229 1626 2268 58
1652 2227 1782 2279 Negat

117 2292 163 2321 se
197 2280 329 2330 magni
366 2279 496 2320 faeere
532 2280 676 2331 aliquis
720 2283 926 2332 poetarum
961 2284 1093 2319 utrum
1130 2280 1274 2320 Caesar
1310 2284 1395 2320 ater
1430 2293 1480 2320 an
1516 2282 1631 2321 albus
1666 2282 1787 2322 homo

119 2334 194 2382 sit,
229 2333 404 2373 insania:
440 2338 552 2372 uerte
580 2337 626 2372 ut
654 2333 759 2373 idem
788 2334 931 2374 Caesar
959 2333 1008 2373 de
1035 2334 1106 2373 illo
1134 2333 1298 2383 dixerit,
1336 2334 1570 2385 adrogantia
1605 2339 1668 2375 est
1707 2333 1722 2386 ΙΙ
1765 2338 1784 2375 1

118 2385 226 2427 belle
258 2387 412 2427 Vsener
437 2386 452 2437 ΙΙ
482 2386 569 2426 2,εἰ
598 2398 666 2426 ore
694 2390 824 2426 utrum
854 2387 888 2426 si
915 2387 1050 2427 saluus
1079 2399 1127 2426 an
1157 2387 1257 2427 alter
1286 2386 1331 2426 V

250 2451 310 2494 94
337 2452 613 2491 Interstitium
640 2453 802 2491 nullum
833 2454 877 2494 V
894 2452 908 2505 ΙΙ
945 2455 966 2494 1
996 2441 1187 2506 Mentulla
1234 2454 1414 2503 (puncta
1457 2453 1543 2491 add
1586 2453 1653 2504 θ’)
1696 2453 1730 2493 G
1772 2455 1788 2507 ss

117 2505 322 2545 mechatur
349 2507 412 2544 bis
442 2506 487 2546 V
516 2507 531 2558 fl
573 2506 720 2546 metula
751 2505 806 2545 0*
833 2505 1028 2546 mentula:
1057 2510 1176 2546 certe.
1206 2506 1398 2557 Scaliger
1434 2506 1611 2546 mentula
1640 2535 1650 2546 .
1681 2510 1787 2547 certe

118 2557 202 2598 Hoc
228 2562 292 2598 est
319 2557 498 2597 Kochius

248 2611 307 2653 95
342 2613 620 2651 Interstitium
660 2611 821 2650 nullum
858 2611 906 2652 V.
961 2612 1257 2665 Philargyrius
1300 2612 1357 2651 ad
1397 2612 1522 2662 Verg.
1560 2612 1634 2651 ecl.
1667 2615 1705 2661 9,
1732 2615 1787 2654 55

119 2663 241 2704 Cinna
270 2664 479 2717 Smyrnam
516 2665 697 2717 scripsit,
741 2676 860 2716 quam
898 2676 1045 2704 nonum
1084 2671 1177 2717 post
1215 2677 1381 2714 annum,
1423 2668 1468 2704 ut
1503 2665 1681 2705 Catullus
1719 2667 1786 2717 ait,

118 2717 255 2757 edidit.
284 2717 324 2756 id
353 2718 460 2770 quod
488 2722 530 2758 et
557 2717 824 2765 Quintilianus
853 2717 930 2770 [40,
948 2719 1041 2768 4,4]
1070 2719 1125 2758 ait
1153 2718 1222 2767 (cf.
1245 2722 1457 2758 comment.
1486 2719 1632 2759 Horat.
1663 2719 1785 2770 Cruq.

112 2783 157 2821 p.
185 2771 278 2820 655)
305 2770 320 2824 ΙΙ
348 2774 367 2811 1
398 2771 556 2810 Zinirna
585 2772 627 2811 V
648 2771 661 2822 ss
689 2771 796 2811 crine
828 2771 884 2810 0*
911 2770 925 2822 [Ι
950 2776 1078 2811 ffisem
1108 2772 1164 2810 0*
1192 2772 1206 2825 ΙΙ
1234 2774 1258 2812 2
1287 2774 1402 2822 cepta
1434 2772 1479 2812 V
1496 2771 1511 2822 ΙΙ
1536 2772 1723 2823 hyemem
1754 2772 1788 2812 G

117 2826 132 2876 ΙΙ
160 2825 183 2864 3
211 2823 335 2863 Millia
367 2824 400 2863 G
425 2824 440 2876 ΙΙ
466 2826 508 2864 in
536 2828 664 2864 terrea
695 2824 753 2863 G*
780 2823 794 2877 ΙΙ
821 2825 1020 2864 ortensius
1042 2825 1074 2864 0
1094 2826 1174 2874 [DJ.
1223 2826 1272 2864 de
1290 2827 1468 2864 ueritate
1486 2837 1527 2864 u.
1556 2824 1787 2866 Hortensius

118 2877 242 2915 multi
269 2877 582 2918 dubitauerunt.
629 2877 826 2918 Tanusius
854 2889 934 2917 uno
955 2872 1252 2918 versiculorum
1272 2890 1377 2918 anno
1407 2878 1590 2929 quolibet
1618 2878 1786 2919 ediderit

119 2929 413 2969 Froehliclzius
442 2930 676 2971 Hortensius
704 2943 785 2970 uno
816 2931 981 2970 miretur
1009 2930 1148 2971 Volusi
1179 2932 1351 2971 earmina
1381 2931 1484 2971 sacta
1514 2931 1578 2971 die
1605 2933 1753 2984 Peiper
1773 2930 1788 2983 ΙΙ

119 2984 146 3021 4
173 2985 444 3023 interstitium
485 2985 646 3024 nullum
687 2985 727 3024 V
757 2984 772 3036 ΙΙ
810 2988 833 3025 5
861 2985 1018 3023 Zinirna
1055 2997 1174 3025 canas
1203 2985 1244 3025 V
1270 2984 1284 3037 fl
1320 2984 1497 3025 sacrachi
1541 2984 1599 3025 G*
1639 2986 1653 3039 ΙΙ
1694 2986 1788 3026 init-

120 3038 225 3076 tetur
255 3036 312 3076 G*
338 3034 354 3087 ΙΙ
381 3039 405 3078 6
435 3037 634 3078 Zinirnam
665 3038 711 3078 V
727 3037 742 3090 ΙΙ
768 3037 969 3088 peruoluit
1001 3038 1046 3078 V
