2040 3372
238 69 301 116 88
917 73 982 122 7-6,
1011 73 1183 123 21-78,
1201 74 1235 113 Ι8

440 205 569 263 Quae
602 206 714 254 mihi
749 204 1008 268 subrepens
1042 207 1160 254 imos
1193 212 1246 254 ut
1278 214 1443 269 torpor
1475 208 1523 255 in
1561 203 1690 256 artus

507 274 697 335 Expulit
730 288 786 320 ex
821 273 949 320 omni
981 281 1174 335 pectore
1206 274 1415 322 laetitias.

440 341 545 387 Non
581 340 671 387 iam
707 339 819 386 illud
855 354 1045 400 quaero,
1081 347 1244 387 contra
1279 347 1333 388 ut
1366 356 1440 388 me
1477 341 1636 402 diligat
1670 340 1760 399 illa,

508 409 613 464 Aut,
651 406 774 467 quod
810 421 908 452 non
944 406 1067 467 potis
1102 413 1185 464 est,
1222 422 1323 455 esse
1358 408 1525 469 pudica
1561 408 1695 455 uelit:
1926 454 1927 457 ,

363 482 408 521 25
443 474 548 536 Ipse
582 473 738 520 ualere
773 479 884 533 opto
922 479 968 519 et
1001 479 1199 521 taetrum
1246 475 1373 521 hunc
1418 474 1655 536 deponere
1689 473 1918 522 morbum.

510 540 547 587 Ο
586 540 674 597 dei,
710 539 889 586 reddite
923 543 990 586 mi
1022 540 1111 587 hoc
1146 555 1231 603 pro
1268 544 1440 603 pietate
1474 555 1592 588 mea.

240 751 307 804 '7¹7
439 749 576 813 Rufe
611 751 724 798 mihi
759 752 931 799 frustra
969 766 1021 798 ac
1057 752 1367 813 nequicquam
1404 753 1576 800 credite
1610 754 1756 801 amice

509 816 751 878 (Frustra‘2
785 818 927 865 immo
962 832 1133 880 magno
1169 833 1275 866 cum
1310 820 1461 880 pretio
1495 826 1634 881 atque
1666 821 1824 882 malo),

442 884 626 932 Siccine
661 885 891 946 subrepsti
926 885 1017 932 mei
1052 892 1192 946 atque
1226 886 1445 934 intestina
1477 901 1708 948 perurens

507 951 562 998 Ei
597 952 767 999 misero
804 952 1014 1014 eripuisti
1051 953 1205 999 omnia
1241 959 1398 1000 nostra
1432 951 1592 1000 bona?

384 1027 407 1064 5
443 1017 681 1079 Eripuisti‚
717 1019 832 1066 eheu
867 1026 1055 1067 nostrae
1092 1019 1279 1066 crudele
1317 1034 1553 1067 uenenum

507 1085 652 1143 Vitae,
689 1086 802 1133 eheu
839 1092 1024 1134 nostrae
1058 1089 1202 1147 pestis
1237 1086 1477 1134 amicitiae.

240 1296 308 1350 ’78
442 1295 610 1349 Gallus
643 1297 784 1344 habet
817 1298 997 1354 fratres,
1033 1313 1233 1360 quorum
1269 1305 1338 1346 est
1371 1298 1650 1361 lepidissima
1686 1299 1891 1346 coniunx

509 1364 725 1422 Alterius,
760 1364 942 1426 lepidus
975 1365 1097 1413 filius
1131 1365 1330 1413 alterius.

446 1431 602 1478 Gallus
636 1432 776 1478 homo
812 1438 882 1479 est
915 1431 1084 1479 bellus:
1122 1447 1230 1479 nam
1266 1433 1423 1480 dulces
1457 1433 1607 1494 iungit
1641 1447 1836 1490 amores,

512 1498 627 1546 Cum
663 1512 812 1559 puero
847 1505 900 1545 ut
933 1498 1055 1545 bello
1089 1498 1210 1546 bella
1244 1499 1397 1560 puella
1433 1499 1585 1546 cubet.

385 1574 408 1611 5
443 1565 599 1612 Gallus
633 1565 773 1611 homo
810 1574 881 1612 est
913 1566 1081 1613 stultus
1116 1581 1203 1613 nec
1238 1581 1287 1613 se
1322 1566 1450 1613 uidet
1484 1581 1583 1613 esse
1618 1566 1848 1624 maritum,

512 1631 601 1687 Qui
636 1639 831 1693 patruus
865 1633 1017 1694 patrui
1051 1639 1281 1680 monstret
1314 1633 1605 1679 adulterium.

443 1853 1613 1865 οοοοοοοοοοοοοοοοοοοο

445 1952 534 1999 Sed
569 1966 698 1998 nunc
733 1951 779 1999 id
815 1951 948 1999 doleo
987 1952 1112 2013 quod
1146 1967 1290 2014 purae
1325 1966 1442 2014 pura
1477 1952 1658 2014 puellae

514 2018 649 2066 Sauia
684 2019 942 2066 conminxit
975 2034 1144 2080 spurca
1179 2019 1324 2066 saliua
1357 2026 1451 2066 tua.

380 2163 430 2203 21
460 2161 570 2209 Quae
599 2176 661 2201 w.-
703 2161 784 2202 Seu
813 2162 857 2202 V
890 2162 975 2202 Heu
1005 2177 1040 2202 ω
1083 2161 1155 2203 Hei
1182 2162 1479 2202 Lachmannus
1519 2162 1627 2203 Haec
1655 2161 1819 2201 Statius
1861 2160 1931 2206 Sei

246 2215 423 2256 Ellisius
450 2214 464 2266 ΙΙ
491 2227 705 2266 surrepens
728 2216 761 2255 G
788 2214 803 2267 ΙΙ
840 2227 1007 2266 corpore
1037 2215 1081 2256 V
1100 2215 1115 2268 ΙΙ
1145 2217 1194 2256 22
1222 2216 1378 2256 leticias
1410 2217 1455 2257 V
1473 2215 1488 2267 ΙΙ
1526 2217 1576 2256 23
1607 2218 1650 2255 ut
1677 2227 1741 2255 me
1767 2215 1840 2254 uel
1863 2226 1930 2255 me

244 2273 291 2310 ut
321 2283 379 2309 m:
406 2280 471 2308 me
498 2271 544 2308 ut
571 2281 634 2309 me
667 2270 712 2310 V
729 2268 743 2322 ΙΙ
771 2271 822 2309 26
851 2270 914 2309 dei
938 2270 1029 2310 V*.·
1059 2269 1127 2319 [dii
1156 2270 1299 2321 ceteri]
1328 2269 1343 2323 ss
1369 2269 1491 2310 michi
1511 2269 1581 2310 V*
1607 2268 1622 2322 ΙΙ
1650 2268 1686 2308 h’
1710 2269 1767 2307 O*
1793 2269 1810 2321 ΙΙ
1837 2280 1931 2320 pro-

244 2323 496 2374 prietate(sie
526 2326 558 2362 υ
588 2324 767 2373 quoque)
796 2323 841 2363 V

379 2375 428 2417 77
456 2376 733 2416 Interstitium
758 2379 884 2415 unius
912 2389 1058 2415 uersus
1088 2376 1149 2416 V:
1177 2378 1362 2415 inseruit
1406 2374 1467 2415 Ad
1500 2374 1647 2415 Rufum
1675 2387 1709 2426 g
1742 2374 1838 2424 [Ba
1866 2374 1929 2415 Ad

242 2428 404 2470 Ruffum
422 2430 598 2479 AHLA]
613 2429 628 2481 ΙΙ
650 2433 669 2471 1
687 2429 802 2470 Ruffe
823 2430 868 2470 V
878 2434 893 2481 ΙΙ
912 2431 1038 2469 amice
1062 2430 1118 2468 0*
1147 2430 1278 2478 [Harl.
1293 2430 1431 2478 2574J:
1464 2429 1592 2468 amico
1615 2428 1648 2468 G
1678 2431 1733 2477 [et
1752 2430 1893 2478 ceteri]
1914 2427 1933 2491 [l

247 2486 271 2524 2
299 2483 381 2522 imo
413 2483 447 2522 G
475 2482 489 2534 ΙΙ
516 2485 651 2533 precio
682 2483 722 2523 V
747 2482 761 2535 ΙΙ
789 2485 812 2524 3
842 2484 1021 2534 subrepti
1045 2483 1076 2522 0
1105 2484 1282 2523 subrecti
1313 2483 1345 2523 G
1371 2481 1386 2535 ΙΙ
1412 2484 1437 2522 4
1465 2482 1511 2521 Ei
1539 2481 1857 2522 Lachmannus:
1885 2481 1929 2521 S1

248 2537 294 2577 V
312 2536 367 2576 Mi
395 2537 465 2575 uel
505 2536 573 2576 Sic
602 2551 637 2576 ω
679 2536 693 2589 ΙΙ
736 2538 758 2575 5
788 2536 1002 2589 Heripuisti
1034 2536 1093 2576 G*
1122 2537 1188 2586 [A]
1233 2539 1244 2588 ῃ
1286 2539 1323 2576 5.
1353 2538 1376 2576 6
1406 2536 1508 2575 eheu
1534 2535 1840 2574 Baehrensius:
1876 2534 1931 2575 he

245 2590 325 2630 heu
357 2589 416 2629 G*
445 2590 522 2629 heu
554 2591 585 2629 0
614 2591 745 2638 [Harl.
765 2590 868 2629 2574
898 2591 1043 2639 Vivet,
1074 2592 1096 2630 5
1128 2591 1203 2630 heu
1224 2613 1275 2619 —
1296 2592 1319 2630 6
1349 2589 1425 2629 heu
1455 2589 1534 2628 heu
1560 2588 1721 2627 BHAP
1742 2588 1822 2628 heu
1849 2587 1929 2628 heu

245 2645 307 2682 bis
337 2643 457 2691 CDL]
485 2643 499 2695 ΙΙ
529 2644 704 2683 crudelle
727 2643 773 2693 G,
803 2655 901 2682 corr
923 2643 975 2682 G¹
1002 2643 1016 2696 ΙΙ
1045 2646 1068 2684 6
1098 2644 1213 2692 eheu]
1242 2656 1283 2683 u.
1306 2644 1362 2682 ad
1379 2655 1419 2682 u.
1437 2645 1465 2682 ὅ
1492 2642 1506 2694 ΙΙ
1533 2647 1669 2681 nostre
1702 2642 1755 2680 0.·
1782 2645 1925 2682 nostro

250 2697 284 2736 G
310 2695 324 2748 ΙΙ
353 2700 494 2747 pectus
515 2697 560 2737 V
579 2696 593 2750 ΙΙ
621 2697 801 2736 amicicie
822 2697 871 2737 V.
920 2709 1012 2735 eum
1030 2698 1091 2748 77,
1109 2700 1134 2737 6
1162 2698 1246 2736 duo
1275 2697 1455 2736 disticha
1482 2697 1528 2734 in
1559 2695 1679 2734 libris
1702 2699 1800 2747 post
1822 2695 1886 2746 78,
1904 2696 1933 2735 6

244 2752 384 2801 posita
412 2753 637 2789 coniunaeit
663 2751 854 2801 Scaliger

382 2803 434 2846 78
464 2804 743 2843 Interstitium
761 2803 923 2842 nullum
941 2803 983 2843 V
996 2803 1010 2856 ΙΙ
1028 2806 1055 2844 4
1074 2803 1191 2854 puela
1215 2803 1271 2842 0*
1291 2805 1351 2854 (in
1373 2802 1406 2842 G
1433 2802 1447 2840 l
1473 2803 1701 2853 posteriori
1721 2804 1928 2852 punctum

247 2859 310 2894 est
347 2860 690 2908 superscriptum)
730 2857 744 2909 Η
785 2857 896 2896 cubit
937 2857 992 2895 O*
1045 2856 1060 2909 ΙΙ
1116 2859 1244 2898 7—10
1290 2870 1315 2896 a
1352 2855 1695 2907 praecedentibus
1740 2856 1927 2894 seiunxit

250 2909 435 2949 Statius:
465 2923 558 2949 cum
585 2924 626 2954 u,
655 2914 678 2951 6
708 2912 930 2950 cohaerent
961 2912 1008 2951 V.
1058 2923 1126 2949 eos
1157 2914 1255 2961 post
1279 2910 1338 2958 77,
1366 2912 1390 2949 6
1415 2911 1559 2959 posuit
1584 2908 1798 2959 Scaliger,
1827 2911 1927 2958 post

248 2965 311 3010 80,
331 2965 357 3002 8
384 2964 603 3014 Bergkius,
626 2968 726 3015 post
748 2965 812 3014 91,
839 2964 888 3002 40
919 2963 1091 3004 Corrad.
1120 2964 1171 3003 de
1197 2964 1310 3003 Atlio
1338 2963 1352 3015 ΙΙ
1381 2964 1403 3003 8
1431 2961 1549 3001 Sania
1570 2961 1639 3002 V*
1665 2960 1681 3014 ΙΙ
1707 2961 1928 3002 conminxit

248 3016 441 3067 Scaliger
469 3018 690 3069 (cominxit,
723 3017 887 3058 comixit
916 3018 1033 3067 alii):
1063 3017 1240 3057 cuiunxit
1270 3016 1304 3056 G
1331 3015 1471 3065 911uxit
1503 3014 1554 3054 0*
