2040 3372
819 101 855 147 7,
888 101 963 139 1—
993 101 1029 148 8,
1061 101 1106 140 15
1770 100 1795 146 ’7

133 229 164 281 ’7
332 229 524 297 Quaeris
560 239 671 291 quot
705 231 814 278 mihi
849 231 1126 280 basiationes

330 298 476 355 Tuae,
503 297 679 354 Lesbia,
715 298 807 344 sint
841 298 950 345 satis
984 313 1228 360 superque.

329 363 476 418 Quam
511 377 706 423 magnus
742 378 963 411 numerus
998 364 1190 427 libyssae
1226 367 1424 414 harenae

327 430 668 491 Lasarpiciferis
703 431 820 476 iacet
856 430 1058 492 Cyrenis,

273 504 294 541 5
333 496 541 543 Oraclum
578 496 700 543 Iouis
735 497 856 543 inter
891 498 1091 544 aestuosi

327 562 385 609 Et
421 563 536 609 Batti
572 563 743 609 ueteris
777 577 958 609 sacrum
994 564 1271 624 sepulcrum,

326 630 414 675 Aut
450 643 584 690 quam
620 629 769 676 sidera
803 629 957 687 multa,
995 645 1100 677 cum
1134 637 1254 678 tacet
1290 647 1395 689 nox,

326 695 540 742 Furtiuos
575 696 814 742 hominum
852 696 1008 743 uident
1042 711 1234 755 amores,

325 762 436 808 Tam
470 769 514 808 te
550 761 676 809 basia
711 762 853 808 multa
887 762 1061 810 basiare

248 833 291 873 10
327 828 503 875 Vesano
540 829 647 875 satis
683 837 728 874 et
763 843 903 890 super
939 829 1112 876 Catullo
1149 837 1230 888 est,

324 894 449 948 Quae
486 910 571 941 nec
606 909 936 955 pernumerare
972 895 1142 943 curiosi

327 961 506 1008 Possint
541 976 628 1007 nec
663 961 777 1007 mala
812 961 1035 1008 fascinare
1071 962 1241 1024 lingua.

123 1142 158 1196 8
325 1142 467 1194 Miser
503 1144 688 1202 Catulle,
727 1145 908 1192 desinas
942 1145 1140 1207 ineptire

322 1211 380 1257 Et
415 1212 537 1272 quod
573 1212 702 1258 uides
736 1212 909 1273 perisse
946 1212 1176 1272 perditum
1212 1212 1364 1259 ducas.

321 1277 509 1324 Fulsere
544 1277 775 1338 quondam
813 1278 994 1324 candidi
1028 1278 1111 1325 tibi
1146 1279 1278 1336 soles,

322 1344 434 1391 Cum
471 1343 729 1391 uentitabas
766 1360 857 1405 quo
894 1344 1044 1406 puella
1080 1344 1276 1392 ducebat

265 1419 287 1456 5
322 1414 478 1457 Amata
515 1409 650 1457 nobis
686 1418 909 1471 quantum
945 1410 1171 1458 amabitur
1206 1412 1344 1458 nulla.

321 1477 389 1522 Ibi
425 1477 499 1523 illa
534 1477 674 1523 multa
710 1483 806 1523 tum
846 1478 999 1524 iocosa
1034 1478 1220 1531 fiebant,

322 1543 449 1598 Quae
486 1550 535 1590 tu
571 1544 758 1590 uolebas
794 1558 880 1591 nec
915 1543 1064 1605 puella
1102 1545 1301 1592 nolebat.

319 1609 509 1656 Fulsere
544 1624 654 1657 uere
690 1611 869 1657 candidi
906 1610 988 1657 tibi
1024 1610 1157 1658 soles.

319 1676 454 1723 Nunc
489 1677 577 1723 iam
613 1677 687 1723 illa
723 1692 818 1723 non
855 1677 975 1724 uult:
1013 1683 1063 1723 tu
1099 1691 1297 1738 quoque,
1334 1676 1575 1738 impotens,
1611 1678 1718 1733 noli,

244 1749 286 1788 10
319 1742 413 1789 Nec
449 1757 565 1803 quae
601 1744 716 1804 sugit
751 1749 940 1800 sectare,
977 1758 1063 1789 nec
1098 1744 1236 1790 miser
1270 1743 1390 1801 uiue,

323 1809 411 1855 Sed
447 1810 674 1856 obstinata
710 1816 866 1856 mente
902 1810 1071 1870 perfer,
1109 1809 1297 1855 obdura.

322 1874 442 1932 Vale,
480 1875 642 1936 puella.
713 1876 800 1922 iam
838 1875 1037 1923 Catullus
1074 1875 1283 1932 obdurat,

318 1940 412 1988 Nec
447 1947 491 1987 te
527 1942 731 2002 requiret
767 1957 852 1988 nec
887 1941 1067 2003 rogabit
1101 1942 1316 1988 inuitam:

318 2008 374 2053 At
410 2014 459 2054 tu
495 2008 683 2065 dolebis,
720 2023 825 2055 cum
859 2007 1094 2069 rogaberis
1130 2008 1267 2054 nulla.

242 2081 284 2119 15
321 2073 535 2131 Scelesta,
572 2088 656 2121 uae
692 2074 758 2121 tel
797 2089 913 2135 quae
951 2074 1030 2121 tibi
1066 2082 1222 2121 manet
1259 2074 1372 2121 uital

250 2231 273 2272 ’ἵ
302 2231 577 2270 lutera-titium
598 2231 647 2280 V,
676 2233 855 2271 inseruit
881 2233 1050 2271 titulum
1067 2231 1128 2271 Ad
1148 2231 1314 2271 lesbiam
1330 2243 1362 2281 g
1389 2232 1403 2284 ΙΙ
1433 2233 1452 2272 1
1484 2230 1591 2283 quod
1613 2230 1733 2270 michi
1754 2230 1796 2270 V

117 2283 131 2336 ΙΙ
159 2286 182 2324 3
211 2284 287 2336 li(y
318 2284 473 2335 G)bisse
503 2285 548 2325 V
565 2284 580 2337 ΙΙ
608 2296 724 2324 arene
756 2285 788 2325 G
814 2283 829 2336 ΙΙ
866 2287 891 2325 4
917 2284 1116 2336 Lasarpici
1145 2284 1239 2325 feris
1268 2287 1369 2334 (δεον
1397 2284 1444 2324 al'
1476 2284 1588 2324 fretis
1612 2286 1658 2334 5)
1687 2284 1789 2324 iacet

118 2338 296 2390 tyffenis
320 2338 420 2388 (add
435 2340 481 2377 in
500 2350 633 2388 marg.
655 2338 703 2377 al’
725 2338 881 2390 cyrenis
891 2340 938 2388 g)
959 2338 991 2377 G
1020 2339 1178 2385 (lz'ttera
1203 2340 1248 2377 in
1268 2338 1445 2390 tyffenis
1461 2350 1580 2376 erasa
1603 2349 1687 2376 non
1705 2336 1792 2384 fuit

118 2392 392 2484 2'd5⁰1‘²'²⁴fsse?1'g
421 2391 646 2484 cL‘ssssffrpiL‘i
675 2390 1172 2495 ‘535223522322‘1215’5
1190 2390 1790 2495 ffiffiffiselssrssffisssffi

119 2498 289 2549 tyrrenis
317 2500 379 2548 (in
410 2510 543 2548 marg.
573 2457 659 2537 ἔάᾶ
683 2496 700 2536 l
734 2498 890 2550 cyrenis
922 2498 953 2537 C
984 2510 1037 2538 m.
1070 2499 1150 2549 pr.)
1179 2498 1298 2546 ACL]
1333 2497 1346 2547 ΙΙ
1384 2500 1405 2537 5
1445 2496 1614 2537 Oradum
1646 2496 1677 2535 0
1715 2495 1790 2537 Ora

119 2550 212 2590 dum
243 2550 275 2589 G
301 2549 314 2603 ΙΙ
344 2552 367 2591 6
396 2550 444 2590 Et
474 2551 580 2590 beati
600 2551 640 2590 V
663 2563 749 2590 sset·
777 2551 824 2590 al’
854 2551 962 2591 beari
985 2551 1037 2590 G¹
1066 2551 1128 2600 [Et
1156 2551 1263 2591 beari
1293 2551 1420 2590 Laur.
1442 2551 1511 2600 55,
1534 2550 1600 2599 12]
1625 2548 1640 2601 ΙΙ
1669 2553 1690 2590 ’7
1722 2561 1771 2603 sy

119 2602 211 2643 dera
241 2603 278 2643 V
302 2605 315 2653 ΙΙ
344 2606 368 2645 9
396 2604 521 2644 basiei
550 2604 588 2644 V
615 2604 674 2653 [C]
706 2616 793 2643 sser
820 2604 867 2643 al’
898 2604 1007 2644 basia
1038 2603 1090 2644 G²
1127 2605 1249 2654 [idem
1283 2606 1328 2642 in
1364 2615 1487 2654 marg
1517 2603 1562 2652 C]
1596 2604 1610 2656 ΙΙ
1650 2605 1698 2645 10
1727 2615 1790 2643 ca-

118 2656 203 2697 tulo
236 2656 267 2695 0
292 2654 307 2708 ss
336 2659 384 2698 11
416 2657 561 2697 euriosi
591 2657 658 2697 V*

251 2710 278 2752 8
306 2711 579 2749 [ntem-titium
608 2711 656 2750 V.
710 2710 772 2749 Ad
808 2722 851 2750 se
886 2710 1015 2762 ipsum
1052 2712 1230 2749 inseruit
1252 2722 1284 2760 g
1320 2710 1334 2763 ΙΙ
1374 2713 1390 2750 1
1422 2709 1502 2749 Iser
1532 2709 1689 2759 (littera
1725 2711 1789 2748 in-

117 2764 230 2802 itiali
256 2766 475 2802 miniatori
492 2765 726 2813 reseruata)
753 2763 883 2803 catule
907 2763 938 2802 0
963 2761 977 2814 ss
1006 2766 1031 2803 4
1059 2763 1171 2813 Cum]
1192 2764 1218 2803 G
1248 2766 1293 2802 in
1312 2775 1463 2802 rasura
1487 2763 1530 2812 0,
1556 2763 1630 2802 sed
1650 2775 1703 2803 m.
1722 2774 1788 2812 pr.

116 2815 130 2867 ΙΙ
157 2828 236 2867 quo
261 2827 311 2866 g:
341 2816 447 2868 quod
479 2818 524 2857 V
554 2817 568 2869 ll
608 2817 765 2857 dicebat
792 2817 933 2855 Dousa
966 2816 1080 2864 filius
1119 2815 1132 2868 fl
1174 2819 1195 2857 5
1226 2817 1367 2856 Amata
1406 2820 1558 2856 tantum
1596 2818 1788 2868 quantum

119 2868 346 2909 Schoellius
373 2869 386 2921 ΙΙ
416 2871 438 2909 6
467 2873 549 2910 tum
573 2882 623 2920 g:
653 2882 742 2910 cum
763 2870 807 2910 V
828 2882 916 2909 cum
945 2893 995 2899 —
1024 2870 1199 2920 nolebat,
1227 2870 1387 2910 Fulsere
1415 2870 1625 2909 Auantius
1651 2871 1732 2909 tam
1752 2882 1787 2907 ω

117 2920 132 2973 ΙΙ
160 2923 182 2962 8
212 2922 375 2962 candid*
357 2923 392 2961 *i
422 2924 564 2974 (longa
593 2927 633 2962 et
651 2927 829 2973 angusta
858 2923 1000 2962 littera
1024 2927 1158 2969 erasa)
1182 2923 1214 2962 G
1241 2923 1255 2976 ΙΙ
1283 2926 1306 2963 9
1336 2923 1432 2972 im(n
1455 2923 1598 2973 O)pote
1619 2922 1663 2962 V
1673 2922 1686 2974 ΙΙ
1705 2921 1787 2962 noli

119 2974 202 3013 add
226 2976 460 3015 Auantius:
490 2989 554 3016 om
584 2977 632 3016 V.
679 2977 878 3026 impotens
908 2987 956 3015 ne
985 2976 1040 3015 sis
1062 2976 1252 3026 Scaliger
1280 2976 1426 3027 impete
1455 2976 1595 3015 insano
1616 2977 1788 3027 Heysius

118 3029 133 3078 Ι]
162 3029 209 3067 10
229 3028 357 3079 Necqs
373 3029 474 3080 fugit
492 3030 522 3068 0
541 3029 555 3082 ΙΙ
584 3031 633 3069 14
654 3029 775 3069 nullei
795 3028 996 3078 Rossberg
970 3031 1062 3068 c>‘ius
1084 3029 1098 3082 ss
1128 3033 1175 3070 15
1196 3041 1270 3069 uae
1288 3033 1337 3069 te.
1382 3041 1483 3082 quae
1498 3030 1635 3069 Balth.
1655 3030 1789 3069 Vena-
