2040 3372
255 94 316 140 96
933 99 998 147 99,
1028 98 1200 148 8-101,
1229 99 1252 138 3

522 230 749 278 Abstersti
783 231 923 292 guttis
959 231 1177 279 omnibus
1212 232 1429 290 articulis,

453 297 518 344 Ne
554 297 803 358 quicquam
838 305 1001 345 nostro
1037 305 1328 346 contractum
1363 314 1420 346 ex
1455 315 1536 347 ore
1577 307 1800 358 maneret,

377 373 422 412 10
523 364 777 425 Tamquam
812 365 1085 411 commictae
1119 380 1289 427 spurca
1324 367 1467 414 saliua
1500 367 1652 428 lupae.

458 432 702 478 Praeterea
735 432 904 478 infesto
940 431 1161 479 miserum
1195 447 1269 479 me
1302 433 1486 480 tradere
1520 434 1680 481 Amori

522 498 626 545 Non
664 498 851 545 cessasti
887 498 1108 559 omnique
1144 500 1410 547 excruciare
1444 501 1598 558 modo,

455 565 515 612 Vt
547 567 618 611 mi
650 578 706 611 ex
741 564 974 612 ambrosia
1008 573 1238 613 mutatum
1271 567 1361 614 iam
1395 568 1516 615 foret
1548 567 1661 615 illud

521 631 759 678 Sauiolum
792 631 916 679 tristi
949 632 1126 680 tristius
1161 632 1381 680 elleboro.

376 705 419 745 15
454 698 602 753 Quam
637 698 859 759 quoniam
892 713 1092 760 poenam
1126 699 1295 747 misero
1330 700 1556 762 proponis
1589 701 1750 759 amori,

519 765 779 826 Numquam
812 766 905 812 iam
939 767 1131 827 posthac
1165 765 1288 814 basia
1323 767 1583 829 surripiam.

255 948 355 1002 100
455 947 643 1000 Caclius
677 950 943 998 Aufilenum
981 958 1025 999 et
1061 951 1279 1007 Quintius
1313 953 1572 1000 Aufilenam

521 1017 629 1064 Flos
663 1032 982 1066 ueronensum
1017 1019 1276 1080 depereunt
1308 1019 1549 1078 iuuenum,

457 1083 545 1131 Hic
579 1085 784 1142 fratrem,
820 1085 895 1132 ille
930 1100 1156 1133 sororem.
1211 1087 1302 1134 hoc
1325 1094 1410 1145 est,
1448 1086 1573 1148 quod
1607 1086 1790 1146 dicitur,
1825 1086 1936 1134 illud

523 1151 803 1199 Fraternum
839 1166 952 1198 uere
987 1153 1120 1200 dulce
1157 1154 1439 1201 sodalicium.

398 1226 420 1264 5
456 1217 539 1265 Cui
574 1219 751 1266 faueam
787 1217 977 1280 potius?
1031 1220 1168 1277 Caeli,
1204 1221 1310 1268 tibi:
1348 1235 1455 1268 nam
1489 1228 1569 1268 tua
1603 1220 1739 1268 nobis

523 1285 612 1331 Per
646 1286 767 1333 facta
802 1286 965 1333 exibita
999 1294 1069 1334 est
1103 1287 1240 1334 unica
1275 1288 1486 1346 amicitia,

458 1352 572 1399 Cum
606 1366 777 1399 uesana
811 1367 936 1400 meas
969 1359 1169 1401 torreret
1203 1355 1383 1402 flamma
1418 1355 1654 1402 medullas.

523 1419 596 1466 Sis
630 1419 754 1477 felix,
792 1419 930 1477 Caeli,
964 1420 1026 1468 sis
1061 1421 1109 1468 in
1145 1436 1301 1468 amore
1335 1429 1519 1484 potens.

257 1615 354 1670 101
457 1614 630 1667 Multas
665 1633 751 1680 per
785 1627 948 1680 gentes
982 1628 1031 1667 et
1063 1621 1208 1668 multa
1242 1636 1328 1683 per
1360 1636 1564 1682 aequora
1597 1628 1761 1669 uectus

526 1685 739 1732 Aduenio
775 1687 859 1734 has
893 1687 1098 1746 miseras,
1134 1689 1291 1746 frater,
1325 1689 1379 1735 ad
1416 1688 1619 1747 inferias,

458 1751 517 1799 Vt
550 1758 597 1799 te
632 1759 868 1815 postremo
905 1754 1127 1802 donarem
1161 1769 1357 1803 munere
1391 1755 1556 1803 mortis

393 1885 416 1924 8
458 1883 660 1923 Abstersti
703 1884 829 1935 guttis
871 1885 1015 1924 aldina
1052 1899 1092 1926 a.
1127 1886 1256 1926 4502:
1303 1886 1436 1926 Guttis
1479 1887 1667 1927 abstersti
1705 1885 1762 1925 O*
1807 1885 1940 1927 Guttis

257 1937 399 1976 astersi
433 1936 467 1976 G
495 1937 557 1985 [A
585 1937 716 1979 Laur.
735 1939 806 1986 35,
826 1939 892 1989 42,
922 1939 1053 1978 Guttis
1083 1939 1254 1979 abstersi
1274 1940 1382 1980 ACL
1409 1939 1591 1980 Abstersi
1619 1940 1745 1991 guttis
1768 1940 1809 1979 D
1828 1939 1938 1980 Βίου.

256 1993 331 2030 606
351 1991 549 2030 Britann.
567 1991 708 2039 44945]
739 1991 872 2031 Guttis
893 1992 1118 2032 abstersisti
1137 1994 1352 2032 Auantz‘us
1380 1995 1393 2045 Η
1420 1996 1444 2034 9
1465 1993 1548 2033 Nec
1569 1993 1608 2034 V
1635 1993 1709 2034 Nei
1728 1993 1940 2033 Baehren-

256 2047 345 2082 sius
370 2043 386 2095 ΙΙ
413 2047 594 2083 manaret
611 2045 668 2083 0*
686 2044 700 2097 ΙΙ
723 2047 771 2085 10
787 2046 955 2085 comicte
974 2046 1028 2085 G:
1059 2047 1223 2086 comitte
1242 2048 1274 2086 0
1301 2047 1314 2099 ΙΙ
1348 2047 1475 2087 saliue
1494 2047 1553 2087 G*
1571 2048 1685 2097 (corr
1700 2047 1768 2098 G¹)
1796 2046 1940 2087 saliuia

260 2097 317 2135 0*
353 2095 367 2149 ΙΙ
407 2098 632 2191 1}cesasti
664 2097 733 2146 G*,
764 2111 862 2138 corr
884 2111 917 2150 g
952 2102 966 2153 ΙΙ
1010 2102 1059 2140 13
1087 2100 1207 2140 michi
1235 2099 1302 2151 (mi
1336 2101 1383 2150 0)
1412 2101 1451 2140 V
1484 2100 1498 2153 ss
1535 2101 1735 2141 ambrosio
1768 2101 1814 2142 V
1838 2100 1853 2152 ΙΙ
1891 2102 1939 2143 15

254 2162 398 2203 penam

390 2202 477 2246 100
504 2204 784 2243 Interstitium
824 2206 988 2244 nullum
1020 2206 1068 2247 V.
1123 2206 1164 2246 In
1194 2206 1344 2247 Celium
1387 2210 1427 2246 et
1470 2205 1674 2253 Quintium
1715 2209 1762 2247 in
1802 2219 1938 2258 marg.

258 2257 346 2297 add
357 2270 403 2308 g.
432 2258 482 2296 de
504 2258 536 2296 0
553 2270 595 2298 u.
616 2258 674 2296 ad
690 2270 731 2298 u.
753 2258 774 2297 4
803 2258 816 2310 ΙΙ
846 2262 863 2299 1
897 2259 1023 2298 Ellius
1052 2261 1209 2308 (littera
1234 2264 1374 2312 prima
1398 2262 1619 2300 miniatem·
1645 2263 1876 2312 reseruata)
1908 2262 1940 2301 0

254 2310 270 2364 11
297 2310 523 2350 Aufilenam
561 2314 602 2351 et
641 2310 685 2357 Q.
715 2311 942 2352 Aufilenum
983 2314 1215 2353 Schoellz'us
1254 2313 1268 2365 ΙΙ
1311 2315 1334 2354 2
1362 2313 1637 2354 Veronensum
1668 2315 1701 2354 G
1728 2314 1782 2364 [D
1809 2315 1940 2356 Laur.

257 2366 328 2414 55,
356 2365 407 2404 42
437 2364 575 2404 Vatic.
605 2364 706 2405 4650
734 2366 866 2405 Paris.
885 2368 1031 2415 8232J:
1062 2371 1336 2407 treronensum
1369 2367 1400 2406 O
1429 2370 1718 2417 [treronensum
1746 2368 1796 2408 al.
1825 2380 1940 2408 uero·

257 2429 427 2458 nensum
455 2419 491 2457 B
519 2423 794 2458 trenorensum
823 2421 907 2459 ΛΡ
931 2421 1219 2460 treronensium
1247 2421 1353 2461 ACL
1382 2423 1450 2470 (m.
1476 2422 1559 2472 pr.)
1588 2420 1878 2461 Veronensium
1905 2422 1940 2462 L

258 2472 327 2520 (m.
354 2473 452 2521 sec.)
480 2472 537 2520 H]
564 2471 579 2524 ΙΙ
608 2472 816 2523 depereret
844 2473 1034 2524 (depere’t
1065 2474 1111 2522 O)
1142 2475 1188 2515 V
1207 2474 1221 2526 ΙΙ
1257 2477 1280 2515 3
1311 2475 1387 2515 hoc
1419 2474 1476 2514 G.-
1511 2475 1547 2513 h’
1573 2476 1641 2525 (=
1669 2475 1758 2525 hec)
1789 2475 1847 2514 0*
1872 2474 1888 2527 ΙΙ
1916 2477 1940 2516 6

257 2524 334 2565 Per
367 2526 472 2565 facta
509 2526 827 2585 Lachmannus:
863 2526 1044 2567 Perfecta
1074 2528 1120 2568 V
1148 2526 1162 2580 ΙΙ
1203 2528 1379 2568 exhibita
1417 2532 1478 2568 est
1514 2528 1835 2568 Lachmannus:
1877 2533 1941 2569 est

259 2605 382 2655 igitur
417 2607 480 2645 est
507 2606 545 2654 (a
575 2588 601 2656 ἑ
631 2607 667 2655 ε)
709 2606 740 2645 0
773 2606 894 2655 [ACL
932 2608 1062 2647 Laur.
1090 2608 1170 2659 35,
1198 2608 1270 2658 42,
1316 2611 1378 2648 est
1419 2607 1541 2658 igitur
1576 2608 1623 2646 A
1663 2609 1771 2651 Brit.
1806 2609 1941 2650 44674.

260 2658 384 2718 14915
413 2661 476 2698 est
502 2659 626 2709 igitur
653 2661 767 2709 (sser.
797 2659 847 2700 al.
878 2662 1065 2711 exigitur)
1094 2661 1131 2700 B
1159 2662 1331 2712 exigitur
1350 2662 1428 2701 DP
1449 2661 1560 2722 reice.
1575 2664 1649 2702 606
1670 2662 1939 2712 Vatia-Aliso]

259 2724 282 2749 e
311 2712 484 2762 exigitur
526 2716 588 2752 est
626 2712 660 2752 G
702 2715 759 2762 [et
797 2714 938 2755 Venet.
968 2715 1055 2764 407]
1102 2713 1318 2766 Perspecta
1360 2715 1485 2765 exigit
1526 2715 1603 2755 hoc
1641 2729 1677 2754 ω
1723 2714 1939 2766 Perspecta

259 2765 418 2815 egregie
447 2769 521 2858 eGg‘
536 2766 818 2871 Ini'afflzremgus
843 2766 1058 2819 Perspecta
1088 2768 1232 2808 eximie
1261 2772 1323 2808 est
1350 2767 1530 2807 Kochius
1556 2767 1571 2821 ΙΙ
1597 2769 1778 2810 amicicia
1810 2770 1856 2810 V
1872 2769 1888 2821 ΙΙ
1916 2772 1939 2810 7

259 2823 432 2858 correret
619 2831 714 2859 ama·

390 2871 467 2913 101
513 2873 791 2912 Interstitium
831 2873 995 2913 nullum
1034 2874 1081 2915 V.
1137 2874 1276 2914 Fletus
1310 2873 1359 2914 de
1397 2877 1525 2914 morte
1563 2874 1696 2916 fratris
1729 2877 1776 2914 in
1802 2887 1938 2926 marg.

258 2924 345 2963 add
358 2936 401 2974 g.
433 2926 482 2964 de
511 2926 542 2964 0
573 2939 615 2966 u.
644 2927 702 2966 ad
731 2939 774 2967 u.
806 2927 828 2966 4
857 2926 873 2979 ΙΙ
916 2930 936 2968 1
966 2927 1081 2968 Vltas
1109 2927 1268 2978 (littera
1291 2930 1431 2979 prima
1458 2930 1681 2968 miniatem·
1706 2931 1939 2979 reseruata)

262 2977 294 3016 0
321 2975 336 3028 ΙΙ
365 2980 388 3017 2
415 2978 573 3019 Adueni
599 2981 813 3020 Auantius
837 2981 850 3030 Η
880 2980 952 3020 has
982 2993 1092 3021 seras
1123 2981 1400 3022 Mar-lelandus
1440 2980 1617 3034 Adueni‚
1646 2982 1737 3032 has,
1766 2982 1888 3023 miser
1917 2993 1939 3022 a

259 3043 394 3094 frater,
421 3045 704 3099 Baelzrensius
729 3046 743 3098 fl
782 3048 805 3087 3
834 3044 1016 3099 p9tremo
1049 3048 1082 3086 0
1107 3046 1121 3099 fl
1150 3048 1296 3087 amoris
1325 3047 1530 3088 Maelllius
