2040 3372
797 88 1110 130 TESTIMONIA
1716 92 1802 134 XIII

281 238 417 272 carm.
443 225 488 282 9,
514 225 611 273 260
647 224 751 271 Non
789 222 1054 271 Gaetulicus
1087 223 1162 271 hic
1197 222 1278 270 tibi
1316 224 1496 285 legetur
1517 261 1527 271 .
1551 261 1563 272 .
1585 262 1596 274 .
1617 263 1628 273 .
1697 227 1801 274 Non

281 290 486 338 Lucilius
536 291 613 337 hic
659 290 998 350 Terentiusque
1051 297 1145 348 est,
1196 290 1301 336 Non
1349 291 1563 350 Turnus,
1609 293 1801 349 Memor,

281 356 478 414 Ennius,
516 356 810 414 Catullus,
845 356 987 403 Stella
1022 363 1068 403 et
1104 356 1356 418 Septimius
1392 358 1747 419 Petroniusque.

114 422 178 472 44
215 428 543 467 PHILARGYRIVS
575 424 635 470 ad
675 422 800 484 Verq.
840 423 916 470 ecl.
954 424 1001 479 9,
1028 425 1116 472 35:
1168 422 1261 470 Cat.
1287 425 1366 482 95,
1395 427 1419 472 1
1459 425 1539 485 (cf.
1573 432 1802 473 comment.

285 488 478 551 Cruquii
509 489 570 536 ad
601 488 715 536 Hor.
752 488 843 536 ΑΡ.
872 490 967 538 388
997 504 1047 550 Ρ.
1074 491 1169 538 635
1205 495 1259 536 ut
1294 489 1440 536 Cinna
1477 505 1608 537 suam
1645 493 1804 553 Smyr-

282 569 387 602 nam
423 556 543 616 apud
582 555 907 611 Catullum,
944 569 1082 616 quam
1119 570 1290 603 nouem
1327 571 1477 605 annos
1511 556 1806 621 suppressit).

115 625 179 671 45
218 620 350 668 schol.
379 622 582 670 berneres,
608 623 668 669 ad
698 621 822 683 Very.
848 637 995 683 yeory.
1022 622 1104 682 †4,
1132 623 1228 671 289
1258 638 1305 684 Ρ.
1335 624 1456 671 971:
1498 623 1592 672 Cat.
1620 627 1666 683 4,
1697 627 1739 672 1.

115 691 181 737 46
216 687 347 736 schol.
370 689 430 735 ad
462 688 627 735 Lucan.
657 691 700 746 5,
727 689 825 737 518
857 703 904 751 Ρ.
932 690 1053 737 389:
1099 688 1193 738 Cat.
1219 692 1264 746 4,
1296 693 1336 737 1.

79 783 82 787 >
115 757 180 803 47
216 753 348 801 schol.
374 756 434 802 ad
456 753 616 801 quen.
644 757 688 811 6,
716 756 744 803 8
765 770 812 817 Ρ.
840 756 935 804 598
968 754 1146 802 Uram:
1169 757 1228 817 cf.
1255 755 1349 803 Cat.
1378 757 1422 814 3,
1454 758 1513 804 17
1657 755 1808 804 Vallae

282 823 364 882 qui
396 822 560 868 dicitur
595 820 772 868 Probus
805 822 866 868 ad
897 819 1057 869 quen.
1084 820 1164 881 †1,
1196 823 1313 869 121:
1350 822 1410 882 cf.
1444 822 1538 870 Cat.
1571 825 1644 878 10,
1672 826 1749 872 15.

115 887 180 936 48
216 886 404 947 ylossae.
422 894 591 934 ueteres
625 888 685 934 ad
723 902 884 935 uersus
917 888 1186 935 catullianos
1228 895 1491 950 spectantes:
1529 890 1588 950 cf.
1615 891 1674 937 ad
1713 889 1809 938 Cat.

283 952 397 1012 †27,
423 955 468 1000 2.
504 951 617 1012 †29,
648 955 721 1001 16.
759 955 839 1010 39,
867 956 944 1001 11.
981 952 1094 1012 †54,
1122 957 1166 1001 5.
1199 953 1312 1013 †54,
1339 956 1384 1002 7.
1410 954 1524 1014 †57,
1552 957 1596 1003 6.
1621 955 1737 1015 †61,
1764 958 1809 1004 6.

282 1019 397 1079 †61‚
423 1020 503 1066 24.
539 1017 652 1078 †61,
678 1020 756 1067 42.
792 1021 904 1077 †61,
939 1020 1049 1067 162.
1085 1019 1198 1079 †62,
1240 1022 1313 1067 12.
1352 1022 1430 1077 64,
1463 1022 1577 1070 273.
1614 1021 1729 1080 †66,
1764 1024 1810 1070 7.

285 1083 383 1148 [75,
411 1081 476 1148 2].
531 1086 590 1145 cf.
611 1100 722 1147 quae
746 1086 796 1133 de
817 1085 976 1146 qlossis
999 1086 1260 1134 catullianis
1283 1090 1333 1133 in
1355 1086 1630 1135 Fleckeiseni
1650 1089 1807 1136 annal.

288 1152 396 1208 131,
424 1152 518 1200 803
557 1152 670 1198 dimi.

117 1218 181 1265 49
220 1222 447 1260 BOETHIVS
479 1219 531 1264 de
565 1218 727 1264 consol.
748 1217 910 1280 philos.
938 1219 983 1275 3,
1011 1221 1065 1265 4:
1110 1218 1202 1265 Cat.
1230 1220 1308 1276 52,
1335 1220 1380 1266 2.

118 1287 182 1332 50
218 1289 479 1328 PRISGIANVS
515 1286 555 1339 1,
580 1286 654 1340 16,
679 1285 740 1332 12
761 1283 1056 1345 (Catullus
1075 1284 1398 1345 Veronensis):
1433 1285 1526 1333 Cat.
1548 1287 1592 1344 2,
1619 1289 1675 1336 13

288 1353 330 1407 1,
361 1351 469 1408 188,
495 1351 584 1399 23:
625 1350 720 1398 Cat.
747 1352 826 1407 37,
857 1352 916 1398 17
1058 1354 1100 1409 1,
1127 1352 1239 1408 305,
1268 1354 1352 1400 11:
1382 1351 1476 1400 Cat.
1505 1354 1583 1411 37,
1614 1355 1670 1401 17

290 1419 333 1473 1,
359 1419 472 1473 484,
498 1418 552 1464 2:
596 1416 699 1467 Cat.
717 1420 762 1475 4,
789 1418 867 1465 25.

119 1485 178 1531 51
218 1488 427 1526 ISIDORVS
458 1486 573 1544 oriy.
601 1486 646 1540 6,
676 1485 751 1541 12,
778 1484 831 1532 3:
874 1483 967 1531 Cat.
998 1487 1040 1541 1,
1070 1487 1092 1531 1
1253 1485 1329 1543 19,
1356 1487 1416 1534 33
1456 1485 1591 1545 (male
1617 1485 1811 1532 Cinnam

280 1563 367 1610 pro
406 1549 581 1596 Catullo
617 1550 904 1610 nominans):
949 1549 1042 1597 Cat.
1071 1552 1150 1608 64,
1176 1553 1254 1600 65.

120 1617 183 1663 52
222 1620 435 1659 IVLIANVS
465 1622 724 1660 TOLETANVS
750 1619 864 1663 artis
883 1632 929 1678 p.
951 1613 1095 1675 †631’:
1128 1616 1222 1666 Cat.
1244 1621 1288 1676 5,
1308 1621 1353 1666 4.
1383 1618 1442 1678 cf.
1464 1618 1644 1680 Hayenz·
1664 1619 1808 1681 suppl.

284 1697 475 1742 yramm.
501 1682 578 1729 lat.
607 1698 656 1744 Ρ.
684 1688 804 1738 CCXX,
835 1685 908 1730 12.

121 1749 183 1797 53
223 1753 516 1792 WALAFRIDVS
544 1755 742 1793 STRABVS
786 1750 1011 1807 (mortuus
1045 1765 1086 1795 a.
1130 1750 1246 1810 849)
1280 1753 1330 1796 in
1365 1750 1647 1797 Duemmlerz·
1674 1758 1810 1813 poett.

288 1817 395 1860 aeui
426 1815 622 1861 carolini
656 1816 701 1870 2,
728 1816 825 1864 386
860 1815 964 1861 Non
1000 1816 1146 1876 magis
1183 1822 1253 1862 est
1288 1822 1397 1863 nato
1432 1818 1594 1863 laetata
1628 1817 1811 1864 Verona

291 1879 550 1938 Catullo,
586 1881 775 1927 Mantua
810 1895 898 1927 nec
932 1887 1114 1928 tantum
1149 1882 1248 1943 ipsa
1282 1882 1471 1930 Marone
1506 1899 1606 1931 suo.
1643 1885 1718 1931 sed
1752 1886 1812 1944 cf.

287 1960 428 2007 supra
462 1946 598 1994 huius
634 1947 793 1994 indicis
827 1962 899 1994 nr.
927 1949 972 1995 9.
1001 1948 1077 1996 19.

124 2016 187 2062 54
223 2017 464 2065 [SERVATVS
491 2018 633 2056 LVPVS
671 2015 897 2073 (mortuus
939 2017 1062 2061 circa
1096 2030 1137 2061 a.
1168 2015 1283 2073 862)
1319 2018 1441 2076 epist.
1477 2018 1522 2073 5,
1553 2032 1600 2078 Ρ.
1627 2018 1691 2064 22
1730 2018 1813 2075 (ed.

288 2078 512 2126 Baluzius
546 2095 586 2126 a.
628 2082 775 2139 1710)
811 2094 978 2141 magna
1023 2081 1262 2128 haesitatio
1309 2088 1379 2128 est
1415 2118 1426 2127 .
1454 2117 1464 2128 .
1491 2117 1502 2128 .
1543 2090 1813 2130 utrumnam

292 2151 483 2191 naturae
519 2145 818 2192 seruiendum
856 2147 915 2193 sit
946 2152 999 2193 ut
1019 2147 1305 2208 paenultima
1329 2149 1398 2209 (in
1421 2163 1542 2196 uocc.
1564 2144 1811 2197 ‘aratrum’

284 2204 571 2270 ‘salubris³),
608 2218 660 2258 ut
696 2218 789 2269 est,
836 2212 976 2274 longa
1009 2215 1346 2275 pronuntietur
1380 2229 1437 2261 an
1474 2223 1670 2278 propter
1703 2217 1817 2264 illud

291 2277 416 2337 quod
451 2278 661 2325 Donatus
696 2280 764 2338 (in
796 2278 937 2326 Keilii
968 2294 1159 2341 gramm.
1196 2281 1273 2328 lat.
1311 2285 1355 2340 4,
1393 2283 1505 2339 371,
1548 2285 1625 2342 16)
1661 2283 1725 2330 ait
1755 2278 1817 2330 ‘si

292 2344 576 2404 paenultima
611 2345 844 2405 positione
879 2346 1019 2408 longa
1053 2347 1208 2405 fuerit,
1245 2347 1343 2409 ipsa
1379 2354 1586 2407 acuetur,
1624 2355 1676 2396 ut
1711 2349 1815 2396 Ca-

294 2409 483 2457 tullus
519 2406 613 2457 etc.2
675 2414 982 2460 testimonium
1026 2429 1056 2460 a
1095 2413 1273 2461 Catullo
1302 2422 1438 2476 poeta
1473 2414 1674 2463 alienum
1705 2431 1817 2478 pro-

288 2483 391 2537 pter
428 2475 612 2538 Georyz‘i
652 2476 820 2539 Voiytii
849 2479 939 2537 (die
979 2479 1362 2543 Wiederbelebuny
1396 2481 1469 2528 des
1505 2482 1630 2530 class.
1667 2482 1815 2530 Alter-

297 2550 418 2589 tums
463 2543 525 2599 22,
563 2545 678 2602 335)
724 2557 924 2592 errorem
967 2550 1171 2608 apposui.
1241 2563 1324 2609 quo
1373 2549 1424 2595 de
1469 2548 1529 2607 cf.
1566 2563 1678 2611 quae
1718 2550 1821 2596 dixi

293 2607 487 2656 Hermae
522 2612 600 2669 20,
626 2607 761 2674 495.]

129 2677 193 2723 55
231 2677 281 2720 in
315 2675 591 2737 florileyium
627 2677 720 2724 cod.
758 2678 868 2724 olim
902 2678 1089 2725 thuanei
1120 2694 1242 2726 nunc
1271 2682 1474 2740 parisini
1496 2680 1623 2728 8071
1652 2681 1821 2728 saeculi

301 2747 407 2785 VIIII
431 2742 601 2790 Catulli
630 2759 663 2790 c.
692 2745 754 2791 62
790 2752 1014 2807 receptum
1048 2753 1134 2792 est:
1171 2747 1230 2806 cf.
1263 2761 1310 2807 Ρ.
1340 2751 1377 2789 V.

117 2809 194 2856 -56
231 2813 482 2852 RATHERIVS
515 2812 744 2872 episcopus
785 2814 1046 2858 ueronensis
1090 2815 1140 2858 in
1174 2827 1376 2859 sermone
1418 2812 1616 2861 Veronae
1649 2829 1692 2860 α.
1719 2815 1815 2863 965

298 2874 445 2922 habito
484 2891 532 2937 p.
571 2877 667 2925 639
703 2877 767 2924 ed.
813 2877 1054 2924 Ballerin.:
1100 2878 1220 2933 Quid
1267 2878 1323 2924 de
1367 2893 1441 2925 me
1485 2880 1662 2938 dicere,
1709 2881 1820 2941 quid

298 2941 429 2988 ualeo
468 2942 693 3003 cogitare,
737 2950 783 2991 et
828 2951 879 2990 ut
914 2944 1067 3006 turpia
1111 2945 1367 3003 subsilens,
1413 2946 1607 2993 honesta
1654 2947 1818 3003 solum,

301 3007 535 3066 prohibita
569 3009 699 3068 licet,
745 3010 1034 3072 depromam,
1080 3011 1118 3059 si
1158 3012 1206 3058 in
1244 3011 1346 3073 lege
1382 3012 1479 3070 dei,
1527 3019 1579 3061 ut
1614 3012 1817 3073 (cuiusP)
