2040 3372
793 159 871 207 ‘29,
900 160 1042 207 9-30,
1072 162 1097 198 4
1727 161 1787 207 21

321 289 516 337 Cinaede
551 290 759 348 Romule,
794 291 907 338 haec
941 292 1119 340 uidebis
1154 299 1199 339 et
1231 291 1388 340 seres?

241 363 285 403 10
319 356 380 404 Es
414 356 672 418 impudicus
709 363 755 403 et
788 372 930 403 uorax
966 365 1010 404 et
1044 360 1158 406 aleo.

319 422 448 470 Eone
484 423 687 480 nomine,
722 423 974 484 imperator
1010 426 1158 483 unice,

319 489 460 536 Fuisti
495 489 542 535 in
580 489 736 536 ultima
772 490 1023 538 occidentis
1058 491 1222 548 insula,

316 554 373 602 Vt
407 555 490 602 ista
523 562 680 603 nostra
715 556 924 603 diffututa
961 559 1162 605 mentula

316 621 563 668 Ducenties
599 630 824 670 comesset
856 629 934 670 aut
967 622 1246 671 trecenties?

240 695 283 734 15
318 687 435 742 Quid
471 694 540 735 est
576 688 654 735 alit
688 689 870 736 sinistra
906 689 1188 739 liberalitas?

270 795 273 798 a
316 754 481 800 Parum
519 756 774 816 expatrauit
809 771 866 802 an
903 770 1065 817 parum
1101 758 1294 805 elluatus
1330 757 1432 805 est?

315 820 511 867 Paterna
545 822 695 882 prima
729 822 957 869 lancinata
992 830 1101 870 sunt
1135 824 1282 871 bona:

314 887 525 934 Secunda
561 889 728 948 praeda
762 889 972 949 pontica:
1008 890 1115 936 inde
1152 891 1285 936 tertia

316 953 499 1011 Hibera,
535 969 671 1014 quam
707 955 792 1001 scit
826 956 972 1002 amnis
1007 957 1176 1002 auriser
1211 957 1376 1018 Tagus.

236 1027 280 1065 20
314 1019 452 1066 Nunc
488 1019 656 1067 Galliae
690 1021 879 1067 timetur
914 1029 958 1068 et
992 1022 1271 1069 Britanniae.

313 1085 432 1140 Quid
468 1086 591 1132 bunc
629 1087 796 1132 malum
832 1086 1032 1134 fouetis?
1068 1095 1146 1134 aut
1181 1089 1290 1149 quid
1325 1090 1401 1136 hic
1436 1096 1590 1150 potest

311 1152 407 1199 Nisi
442 1158 581 1198 uncta
617 1152 840 1199 deuorare
876 1153 1184 1214 patrimonia?
1377 1180 1379 1182 ·

311 1217 440 1265 Eone
474 1219 664 1265 nomine
699 1220 827 1266 urbis
861 1219 892 1282 †
923 1221 1274 1281 opulentissime

313 1284 455 1333 Socer
489 1299 726 1346 generque
760 1286 1020 1347 perdidistis
1057 1286 1243 1334 omnia?

109 1450 177 1504 30
310 1454 484 1516 Alfene
520 1457 761 1504 immemor
795 1465 931 1518 atque
966 1459 1198 1506 unanimis
1230 1459 1348 1519 false
1383 1459 1631 1515 sodalibus,

310 1522 404 1568 lam
440 1530 485 1569 te
521 1523 591 1570 nil
622 1524 822 1581 miseret,
858 1526 987 1581 dure,
1022 1526 1089 1572 tui
1126 1526 1270 1573 dulcis
1304 1524 1521 1572 amiculi?

311 1616 401 1662 Iam
440 1627 513 1663 me
548 1618 761 1678 prodere,
797 1619 886 1665 iam
922 1634 1016 1666 non
1050 1619 1230 1666 dubitas
1266 1619 1436 1675 fallere,
1472 1619 1666 1681 perfide:

309 1683 428 1730 Num
461 1684 577 1730 facta
612 1684 750 1746 impia
785 1685 994 1732 fallacum
1029 1686 1271 1732 hominum
1306 1686 1533 1733 caelicolis
1568 1684 1787 1747 placent?

247 1815 293 1852 10
323 1812 374 1852 Es
395 1835 446 1842 ·—
465 1826 517 1853 uo
546 1817 591 1853 in
617 1827 770 1853 rasura
794 1815 862 1856 O*.
909 1828 949 1855 u.
970 1816 1018 1854 40
1047 1818 1246 1855 carminis
1273 1816 1467 1855 ultimum
1493 1816 1624 1863 fuisse
1651 1821 1791 1856 censet

110 1865 283 1904 Iahnius
312 1870 467 1905 eeteros
494 1879 606 1906 nouo
635 1870 815 1906 carmini
841 1870 1073 1907 attribuens
1105 1869 1118 1920 Η
1157 1870 1202 1910 13
1232 1872 1366 1908 nostra
1395 1869 1580 1910 diffutura
1610 1870 1654 1909 V
1675 1869 1784 1909 desu-

109 1920 195 1957 tuta
224 1918 517 1959 Lachmannus
542 1920 556 1972 ΙΙ
590 1923 636 1960 14
664 1921 881 1961 Ducencies
905 1922 936 1960 0
963 1922 976 1972 ΙΙ
1003 1926 1199 1962 comerset
1218 1923 1274 1961 Ο*
1302 1925 1479 1962 comeset
1505 1922 1563 1962 G*
1589 1921 1605 1974 ΙΙ
1633 1926 1786 1963 trecen-

110 1971 191 2011 cies
223 1971 254 2009 0
280 1970 295 2024 ΙΙ
325 1974 373 2013 15
403 1972 482 2012 alid
511 1974 732 2025 Auantz'us,
760 1975 890 2024 uulgo
920 1974 1023 2020 Quid
1051 1976 1171 2015 istum
1200 1975 1271 2014 alit
1299 1976 1469 2014 Pohlius
1494 1974 1509 2028 ΙΙ
1545 1978 1594 2016 16
1622 1975 1785 2016 Partum

112 2024 169 2062 0*
196 2023 212 2076 ΙΙ
238 2026 462 2075 expatrauit
490 2023 734 2066 ἐπετέλεσεν
757 2028 897 2077 glossa
915 2027 1099 2067 Labbaei
1123 2041 1164 2079 p.
1183 2029 1254 2068 69⁶l
1278 2026 1293 2079 ΙΙ
1323 2031 1370 2068 17
1401 2029 1526 2080 prima
1547 2029 1783 2068 Amantius.-

108 2077 237 2128 primfi
267 2078 311 2118 V
329 2077 346 2131 n
375 2080 425 2119 18
456 2079 572 2119 tercia
594 2080 639 2119 V
658 2079 672 2133 ΙΙ
704 2082 750 2120 19
779 2080 936 2132 Hybera
966 2081 1026 2131 (in
1046 2081 1108 2133 Hy
1137 2083 1339 2132 quaedam
1367 2095 1499 2131 erasa,
1525 2095 1604 2133 pro
1634 2095 1662 2134 y
1690 2087 1786 2122 ante

107 2129 194 2177 fuit
220 2131 249 2181 i)
281 2130 314 2170 G
341 2131 480 2172 Libera
514 2132 573 2172 O*
601 2132 617 2185 ss
641 2133 717 2173 scit
749 2133 825 2172 O*.·
855 2134 907 2172 sit
938 2133 970 2172 G
996 2134 1010 2184 ll
1039 2135 1143 2173 amni
1175 2135 1220 2175 V
1247 2133 1261 2187 ΙΙ
1297 2135 1440 2186 thagus
1473 2134 1505 2174 G
1537 2134 1554 2188 ΙΙ
1593 2138 1642 2175 20
1673 2135 1784 2175 Hunc

106 2183 228 2277 gallie
256 2184 371 2224 timet
393 2186 440 2235 V,
470 2187 581 2236 quod
608 2190 790 2235 correxi,
818 2190 916 2226 item
935 2187 1231 2227 Froeltliclzius
1259 2191 1300 2226 et
1322 2188 1613 2239 Westpltalius.
1669 2187 1785 2229 Nunc

141 2236 257 2277 alliae
281 2238 435 2288 timent,
463 2240 602 2278 timent
623 2239 847 2280 Britanniae
868 2241 995 2291 (timet
1013 2241 1216 2281 Britannia
1238 2242 1330 2291 alii)
1348 2243 1524 2280 Paccius
1558 2242 1672 2281 Nunc
1692 2241 1784 2282 Gal-

105 2289 183 2330 liae
212 2293 398 2331 tenentur
425 2295 465 2331 et
492 2291 720 2333 Britanniae
747 2293 991 2333 Ribbeckius
1038 2294 1151 2334 Nunc
1180 2294 1331 2334 Galliae
1359 2295 1532 2334 minatur
1561 2297 1600 2334 et
1628 2294 1783 2334 Britan-

104 2343 194 2383 niae
215 2345 361 2395 Peiper
403 2345 516 2385 Nunc
535 2346 662 2386 Gallia
692 2349 754 2386 est
781 2349 821 2386 et
847 2347 987 2387 ultima
1011 2346 1212 2388 Britannia
1238 2347 1468 2387 Schoellius
1509 2348 1605 2387 Eine
1631 2347 1783 2388 Galliae

106 2397 255 2449 optima
273 2401 313 2437 et
329 2397 555 2438 Britanniae
572 2400 848 2439 Baelzrensz‘us
876 2412 992 2452 quem
1010 2401 1085 2440 scit
1104 2413 1138 2440 a.
1156 2413 1191 2441 a.
1209 2400 1342 2452 Tagus
1362 2401 1410 2440 Et
1428 2405 1548 2440 uncta
1568 2401 1696 2441 Gallia
1723 2402 1784 2441 ul-

107 2450 203 2490 tima
232 2453 272 2490 et
301 2450 501 2491 Britannia
532 2453 737 2502 Bergkius
778 2453 826 2492 Et
854 2453 983 2493 hunce
1012 2454 1159 2503 (Eunce
1175 2455 1367 2507 Heysius)
1394 2454 1545 2495 Galliae
1574 2457 1614 2494 et
1642 2453 1784 2494 timent

108 2502 335 2544 Britanniae
351 2504 596 2556 Spengelius
637 2506 684 2545 Et
699 2506 842 2546 huicne
858 2506 985 2546 Gallia
1002 2510 1042 2546 et
1058 2511 1179 2548 metet
1195 2508 1396 2547 Britannia
1413 2507 1562 2547 Munro
1577 2507 1590 2559 Η
1611 2508 1655 2548 21
1677 2507 1782 2547 hunc

105 2556 284 2608 (malum)
313 2557 458 2599 souetis
475 2573 510 2598 ω
535 2560 551 2611 u
580 2558 658 2607 hic]
689 2559 752 2598 hic
769 2559 812 2599 V
831 2558 845 2612 ΙΙ
875 2561 1034 2600 21-24
1054 2565 1154 2612 post
1178 2562 1226 2601 40
1255 2561 1478 2600 collocauit
1495 2559 1782 2612 Mommsenus,

108 2610 268 2651 23—24
293 2611 432 2650 eodem
461 2613 790 2663 transpone-udos
810 2626 891 2651 esse
911 2625 987 2663 ego
1008 2616 1166 2653 conieci
1191 2614 1206 2666 ΙΙ
1233 2616 1282 2654 23
1312 2614 1418 2654 orbis
1439 2615 1644 2665 Hauptius
1669 2613 1684 2666 ΙΙ
1712 2625 1783 2665 op-

106 2663 381 2714 pulentissime
400 2665 432 2704 0
468 2678 492 2705 o
514 2666 704 2715 piissimei
722 2667 926 2717 Hauptz‘us
966 2678 989 2705 o
1010 2667 1185 2719 piissime
1201 2667 1494 2707 Lachmannus
1535 2667 1643 2706 urbis
1666 2679 1689 2706 o
1709 2679 1781 2719 po-

106 2716 275 2757 tissimei
305 2717 591 2758 LucMueller.
633 2732 687 2758 an
716 2720 823 2759 orbis
852 2733 875 2759 o
904 2720 1181 2784 probissimei?
1206 2721 1221 2774 Η
1257 2723 1308 2761 24
1339 2722 1464 2771 Verg.
1493 2721 1708 2769 catal.5,6
1736 2723 1781 2760 ut

106 2768 174 2809 ille
202 2781 343 2812 uersus
371 2783 498 2823 usque
527 2784 684 2824 quaque
714 2773 886 2825 pertinet
928 2772 1056 2813 Gener
1083 2786 1276 2827 socerque
1304 2773 1533 2826 perdidistis
1561 2769 1708 2813 omnia'
1758 2822 1759 2825 Ἴ

238 2821 297 2865 30
326 2824 601 2864 Interstitium
619 2826 781 2865 nullum
798 2826 847 2866 V.
887 2825 947 2865 Ad
968 2825 1191 2879 Alphenum
1207 2840 1239 2878 g
1267 2830 1312 2866 in
1331 2839 1464 2877 marg.
1489 2826 1662 2866 Carmen
1681 2828 1726 2865 in
1744 2826 1787 2867 V

106 2872 212 2915 κατὰ
241 2879 404 2927 στίχους
428 2881 630 2929 scriptum
657 2879 949 2918 Lachmannus
980 2881 1027 2918 in
1052 2884 1246 2932 strophas
1272 2893 1468 2919 uersuum
1497 2882 1690 2920 binorum
1719 2879 1781 2918 di—

105 2930 274 2979 scripsit
299 2929 314 2982 ΙΙ
346 2933 363 2971 1
395 2930 576 2982 Alphene
604 2932 644 2971 V
666 2932 680 2982 ΙΙ
706 2938 874 2972 imemor
895 2932 939 2970 V
958 2931 972 2984 H
1000 2933 1103 2973 salse
1124 2933 1203 2985 Vll
1230 2936 1253 2974 2
1283 2933 1405 2973 nichil
1427 2933 1460 2973 G
1487 2932 1533 2972 nl'
1557 2934 1588 2972 0
1614 2933 1629 2986 ΙΙ
1658 2935 1680 2973 3
1700 2932 1779 2972 iam

106 2992 187 3020 non
215 2993 277 3021 me
306 2982 464 3024 dubitas
493 2985 532 3024 V
557 2984 572 3037 ΙΙ
599 2988 624 3026 4
652 2984 754 3025 Num
782 2988 953 3036 scripsi:
981 2984 1062 3025 Nec
1085 2987 1132 3027 V.
1188 2986 1302 3026 Nunc
1321 2987 1610 3026 Baehrensius.
1664 2987 1780 3024 Duos

107 3045 178 3073 uu.
207 3038 303 3074 ante
329 3038 352 3075 4
381 3038 581 3077 eoecidisse
609 3041 787 3078 coniecit
814 3039 1000 3080 Ellisius.
1044 3041 1069 3077 4
1089 3044 1128 3079 et
1144 3043 1170 3080 5
1183 3044 1282 3092 post
1300 3040 1350 3080 42
1372 3041 1630 3092 transposuit
1647 3039 1778 3078 Lach-

106 3098 283 3131 mannus
