2040 3372
221 111 359 153 XXIIII
914 111 1229 153 TESTIMONIA

393 247 526 294 Statii
574 247 796 295 siluarum
843 247 989 294 codex
1038 247 1094 294 ab
1139 247 1344 294 Antonio
1382 246 1619 294 Sinibaldo
1656 246 1918 294 Florentiae

393 313 654 376 descriptus
679 328 719 360 a.
751 310 900 362 1484²
929 313 1243 375 Montfaucon,
1270 313 1530 362 bibliotheca
1554 313 1919 362 bibliothecarum

399 383 438 436 1,
466 382 596 430 230⁶.

226 449 290 496 92
328 446 648 509 Ripamontius
693 449 744 493 in
786 446 887 493 hist.
923 447 1051 494 urbis
1099 446 1349 494 Mediolani
1387 448 1467 501 20,
1507 449 1568 495 15
1612 454 1775 494 narrat
1808 445 1922 494 Fre-

397 514 543 562 derico
581 515 854 562 Borramaeo
900 513 1127 561 cardinali
1168 514 1222 561 ab
1268 516 1468 576 episcopo
1513 514 1741 576 melfitano
1779 513 1921 560 dona-

394 588 490 628 tum
537 595 626 628 esse
662 580 918 637 Catullum,
965 594 1103 641 quem
1148 587 1228 627 aut
1272 588 1437 641 poetae
1485 580 1630 642 ipsius
1665 594 1808 626 manu
1843 587 1923 626 aut

394 654 542 694 aetate
578 654 705 694 certe
741 647 816 693 illa
852 646 1079 708 scriptum
1115 646 1291 694 diceret
1325 647 1535 708 quisquis
1570 647 1720 709 perite
1756 646 1921 693 faciem

395 715 655 774 ductusque
701 714 959 760 litterarum
1007 714 1291 760 aestimaret:
1344 720 1391 760 et
1441 714 1561 760 sama
1608 714 1745 761 hodie
1790 712 1918 759 illum

393 781 602 827 codicem
639 781 762 827 inter
799 787 953 827 cetera
988 780 1192 842 pretiosa
1227 779 1535 827 bibliothecae
1559 780 1797 842 sequitur:
1833 782 1922 826 sci-

394 847 493 894 licet
529 851 568 894 is
606 847 746 894 codem
779 856 843 895 est
865 847 1184 895 ambrosianus
1208 853 1238 890 D
1266 847 1330 894 24
1366 850 1558 908 scriptus
1592 850 1711 895 circa
1746 861 1921 895 annum

399 915 551 962 1500:
588 915 647 975 cf.
672 913 833 975 Heysii
865 927 1067 961 conuers.
1108 912 1205 961 Cat.
1230 927 1433 974 yerman.
1464 928 1513 975 p.
1539 915 1652 962 285.

230 983 292 1031 93
329 979 387 1026 D.
423 980 488 1027 Io.
526 980 704 1028 Matheo
751 979 927 1028 Giberto
973 980 1318 1028 honoratissimo
1363 978 1559 1027 Veronae
1604 983 1803 1043 episeopo
1831 1015 1842 1025 .
1870 1015 1880 1026 .
1907 1014 1918 1025 .

395 1062 542 1095 nouas
576 1050 815 1094 committit
841 1050 1164 1109 recoynitiones
1187 1046 1494 1108 Hieronymus
1516 1049 1752 1095 Anancius
1783 1045 1922 1094 Vero-

395 1117 547 1162 nensis
571 1118 620 1162 in
650 1113 879 1162 Catullum
907 1123 948 1161 et
972 1113 1186 1161 Senecam
1209 1118 1443 1175 immicum,
1480 1113 1614 1161 illum
1642 1119 1769 1170 MDII,
1803 1112 1922 1160 hunc

395 1188 564 1226 MDXVII
588 1185 826 1244 impressos
849 1184 900 1228 in
922 1181 1104 1228 aedibus
1128 1180 1243 1227 Aldi.
1291 1184 1341 1227 in
1376 1180 1521 1228 libello
1547 1183 1625 1243 qui
1657 1183 1722 1228 ita
1758 1182 1923 1227 inscri-

389 1256 497 1310 ptus
533 1256 595 1295 est
618 1249 844 1295 Auantius
872 1247 1050 1295 Giberto
1077 1247 1181 1295 haec
1215 1256 1404 1295 narrat:
1448 1262 1535 1309 ego
1572 1246 1758 1309 quidem
1793 1261 1919 1293 anno

394 1330 523 1362 Μυκη
560 1315 661 1361 diro
710 1315 941 1362 bellorum
987 1316 1145 1362 furore
1180 1314 1394 1361 Veronae
1435 1314 1644 1362 inclusus
1679 1315 1758 1374 (ne
1806 1313 1922 1359 nihil

394 1385 598 1440 agerem)
635 1383 794 1429 decem
841 1382 1091 1430 illustrium
1137 1388 1382 1443 poetarum
1424 1381 1606 1429 codices
1652 1379 1920 1427 emendaui:

396 1463 513 1509 quos
538 1463 702 1496 omnes
726 1449 939 1496 Veronae
963 1463 1120 1495 coram
1148 1447 1389 1495 Cariatheo
1416 1448 1585 1494 comite
1608 1447 1723 1494 Aldo
1759 1453 1920 1494 nostro

394 1516 579 1562 donaui.
638 1516 686 1562 in
715 1522 819 1563 octo
854 1517 1023 1564 horum
1057 1522 1303 1578 poetarum
1338 1514 1741 1576 recognitionibus
1774 1513 1920 1560 maxi-

394 1597 520 1630 mum
570 1583 684 1629 mihi
736 1583 992 1630 subsidium
1047 1579 1351 1630 contulerunt
1401 1587 1583 1629 uetusta
1628 1579 1918 1643 exemplaria.

393 1664 557 1696 uerum
595 1664 764 1711 magno
809 1650 1007 1711 pignore
1050 1648 1375 1696 contenderim
1410 1648 1547 1695 hodie
1585 1663 1678 1695 non
1717 1647 1922 1695 inuenIri

394 1716 540 1763 ullum
601 1717 897 1763 catullianum
951 1716 1158 1763 codicem
1209 1716 1431 1777 scriptum
1491 1722 1599 1762 ante
1658 1714 1921 1776 octuaginta

396 1797 545 1830 annos
598 1782 719 1841 (haec
762 1784 991 1831 Auantius
1035 1786 1154 1830 inter
1196 1797 1340 1830 annos
1382 1783 1481 1843 fere
1528 1783 1654 1830 1525
1701 1789 1743 1828 et
1793 1783 1920 1829 1540

393 1851 603 1912 scripsit),
640 1850 729 1897 hoc
765 1857 834 1897 est
857 1856 965 1897 ante
989 1849 1181 1896 Guarini
1219 1850 1296 1910 (cf.
1322 1863 1462 1910 supra
1485 1862 1559 1896 nr.
1587 1848 1674 1908 81)
1709 1854 1918 1894 aetatem.

393 1916 432 1963 is
478 1917 602 1963 enim
649 1917 705 1963 ad
762 1918 955 1978 patriam
1003 1916 1187 1963 rediens
1231 1915 1459 1963 Catullum
1505 1915 1584 1962 diu
1629 1914 1920 1975 multumque

395 1983 702 2030 desideratum
739 1983 895 2030 Italiae
931 1983 1132 2030 restituit
1177 1982 1258 2029 sed
1293 1983 1611 2043 deprauatum.
1682 1981 1742 2042 cf.
1779 1981 1830 2028 A.
1866 1981 1919 2027 A.

397 2048 656 2105 Renouard‚
693 2050 845 2097 annal.
884 2051 934 2097 de
959 2050 998 2096 *l’
1034 2052 1311 2113 imprimerie
1345 2050 1418 2096 des
1441 2049 1562 2106 Alae,
1599 2047 1751 2096 Paris³
1792 2049 1918 2097 1834

391 2131 438 2177 p.
465 2117 562 2166 496
599 2126 638 2164 et
674 2132 785 2179 quae
821 2117 923 2164 dimi
955 2120 1005 2164 in
1041 2115 1263 2163 Leutschii
1289 2115 1516 2179 philoloqo
1555 2116 1635 2172 24,
1661 2117 1772 2163 351.
