2040 3372
234 99 306 138 XX

925 99 1237 141 TESTIMONIA

407 233 680 281 Errabunda
717 248 886 295 regens
920 236 1050 282 tenui
1074 236 1267 297 uestigia
1293 236 1383 283 filo.
1443 237 1503 298 cf.
1534 236 1714 285 Ellisius
1738 240 1788 285 in
1822 237 1924 287 edit.

413 300 526 349 Cat.2
559 317 604 362 p.
630 308 700 345 XX.
738 303 850 350 356.

240 369 303 418 78
346 366 493 416 Codeoe
535 367 704 415 Catulli
746 374 788 414 et
835 366 1001 414 Tibulli
1036 367 1308 430 philippicus
1344 369 1471 417 9591
1521 368 1926 417 chelcenhamiensis

404 434 518 481 banc
547 434 729 508 praebet
763 433 1154 495 subscriptionem:
1190 434 1298 481 Idus
1330 434 1503 482 sextilis
1527 450 1752 483 Mccccmn
1778 435 1928 483 Cone-

406 501 531 562 glani
565 500 656 547 mei
692 499 929 547 Francisci
965 499 1150 547 Crobati
1187 500 1363 547 Veneti.
1423 502 1481 562 cf.
1519 501 1672 549 Ellisii
1705 503 1770 550 ed.
1815 501 1930 550 Cat.²

402 583 446 630 p.
471 574 565 611 LIII.

241 634 301 682 79
335 627 561 681 ‘Catullus
589 633 789 694 scriptus
818 646 857 679 a.
883 647 1107 680 uccccmn
1132 633 1188 680 ab
1216 634 1352 680 Petro
1378 633 1611 680 Antonide
1635 633 1926 696 Presbytero.

405 700 587 748 membr.
626 701 665 761 Γ.
693 700 767 748 Sua
806 691 888 746 59³
929 700 1058 748 catal.
1087 700 1207 748 codd.
1235 700 1336 747 bi.bl
1363 699 1529 762 [πρά.-
1506 701 1733 748 -Batauae
1770 700 1926 762 (Luyd.

414 769 559 825 1741)
589 781 635 828 p.
664 762 796 815 388¹&

240 833 302 882 80
338 833 395 880 In
420 833 564 880 codice
598 832 888 880 laurentiano
909 833 987 889 33,
1011 834 1071 879 12
1103 831 1272 879 Catulli
1302 841 1342 879 et
1380 832 1545 880 Tibulli
1569 841 1670 896 post
1700 833 1927 881 Catullum

404 900 509 947 haec
532 903 700 960 scripta
723 906 855 945 sunt:
880 898 1144 945 Gherardus
1170 898 1380 946 Cerasius
1404 899 1461 946 de
1485 900 1719 947 Florentia
1743 900 1930 962 scripsit

406 981 493 1028 pro
530 966 707 1012 Ioanne
733 965 897 1012 Cosme
934 966 990 1012 de
1014 965 1219 1024 Medicis,
1250 973 1351 1028 post
1382 965 1606 1014 Tibullum
1640 966 1770 1014 haec:
1805 966 1927 1014 Ghe-

403 1033 568 1079 rardus
593 1032 814 1079 Iohannis
845 1032 921 1078 del
945 1032 1141 1094 Ciriagio
1167 1032 1282 1079 ciuis
1307 1032 1609 1080 Florentinus
1632 1033 1817 1094 scripsit
1839 1047 1926 1096 pro

403 1099 611 1146 Iohanne
649 1098 811 1146 Cosme
857 1098 914 1146 de
950 1098 1138 1146 Medicis
1186 1099 1361 1160 optimo
1408 1099 1510 1146 ciue
1556 1099 1830 1147 Florentino
1872 1099 1929 1147 de

402 1180 527 1212 anno
563 1181 797 1212 MCCCCLVII
842 1165 899 1212 de
944 1180 1104 1212 mense
1139 1165 1243 1212 Iulii
1280 1166 1355 1226 (cf.
1394 1166 1595 1214 Bandini
1637 1166 1767 1214 catal.
1803 1167 1926 1214 codd.

407 1233 483 1280 lat.
520 1233 716 1280 laurent.
756 1234 800 1290 2,
840 1235 966 1291 100).
1038 1232 1154 1279 idem
1188 1233 1334 1279 scriba
1373 1232 1543 1280 Catulli
1576 1234 1765 1281 codicem
1794 1236 1930 1295 pari-

402 1303 591 1347 siensem
637 1300 788 1354 8233,
842 1299 951 1346 olim
996 1302 1343 1355 memmianum,
1391 1313 1512 1347 anno
1563 1301 1688 1348 1465
1734 1302 1924 1362 scripsit.

405 1367 462 1427 cf.
490 1366 679 1412 Ellisius
715 1365 742 1412 l.
770 1381 803 1412 c.
835 1382 883 1428 p.
911 1372 1006 1410 LIII.

238 1433 296 1482 81
338 1433 587 1494 Baptistam
633 1431 892 1480 Guarinum
939 1433 1309 1493 (1425—1513)
1355 1435 1480 1480 intra
1524 1448 1566 1480 a.
1598 1434 1926 1481 1450—1470

408 1499 585 1547 Catullo
623 1499 896 1547 emendando
933 1514 1115 1562 operam
1146 1500 1312 1547 dedisse
1334 1502 1438 1547 ueri
1459 1498 1603 1547 simile
1629 1507 1692 1547 est
1713 1500 1790 1560 (cf.
1817 1514 1930 1562 quae

405 1567 507 1614 disci
550 1569 601 1613 in
644 1566 788 1613 indice
832 1566 1085 1614 scholarum
1136 1567 1474 1628 dorpatensium
1509 1581 1550 1613 a.
1587 1564 1711 1616 1865
1744 1581 1792 1628 p.
1823 1567 1925 1626 10):

404 1649 491 1694 qua
533 1648 633 1680 cum
674 1636 895 1681 sententia
941 1633 1047 1680 bene
1087 1636 1348 1680 conueniret
1391 1636 1433 1679 si
1476 1633 1557 1680 illa
1600 1633 1792 1695 epistula
1824 1633 1926 1693 fer-

405 1702 625 1747 rariensis
649 1714 690 1745 a.
722 1702 862 1754 1456,
896 1702 947 1746 in
973 1715 1060 1762 qua
1084 1700 1266 1760 quidam
1291 1701 1342 1746 de
1367 1701 1488 1746 docto
1512 1714 1592 1746 suo
1618 1703 1667 1746 in
1698 1699 1927 1747 Catullum

405 1766 554 1813 labore
589 1766 790 1827 loquitur
814 1767 903 1826 (nr.
932 1769 957 1815 7
965 1767 1029 1826 5),
1065 1767 1292 1828 Baptistae
1319 1765 1523 1813 Guarino
1553 1766 1746 1813 attribui
1767 1775 1926 1828 posset.

539 1833 742 1894 Baptista
770 1832 999 1879 Catullum
1034 1849 1061 1880 a
1096 1848 1140 1879 se
1176 1833 1456 1880 emendatum
1490 1831 1685 1880 Veronae
1718 1833 1826 1880 urbi
1844 1848 1929 1895 pa-

403 1902 519 1947 triae
543 1900 743 1947 donauit.
791 1903 1006 1946 carminis
1041 1915 1125 1961 quo
1162 1901 1331 1947 dicauit
1362 1899 1413 1946 hi
1444 1906 1551 1946 sunt
1572 1914 1732 1947 uersus
1752 1899 1927 1947 ultimi:

405 1965 653 2012 Barbarico
690 1966 783 2013 ritu
821 1966 1005 2027 quidam
1043 1967 1194 2013 fecere
1229 1967 1441 2027 loqutum
1478 1965 1762 2026 (Catullum),

472 2032 646 2078 Tantae
681 2031 866 2079 illorum
903 2032 1069 2080 animis
1106 2032 1385 2080 obstiterant
1418 2032 1654 2079 tenebrae.

402 2098 539 2145 Nunc
574 2112 689 2145 uero
726 2098 869 2145 exibit
902 2106 1054 2147 tersus
1090 2099 1358 2160 nitidusque
1393 2099 1609 2156 Catullus,

473 2165 595 2211 Haec
630 2164 715 2211 tibi
752 2166 863 2212 dant
898 2165 1014 2214 ciuis
1048 2180 1243 2213 munera
1278 2172 1408 2227 grata
1441 2165 1524 2212 tui.

405 2231 464 2291 cf.
502 2246 612 2293 quae
637 2231 738 2279 Ant.
767 2231 1011 2280 Sabellicus
1046 2234 1419 2292 (1436—1506)
1454 2235 1504 2279 in
1541 2231 1647 2280 dial.
1675 2233 1726 2279 de
1761 2231 1927 2279 latinae

403 2298 586 2359 linquae
619 2302 905 2361 reparatione
941 2301 1059 2361 (opp.
1088 2302 1132 2355 4,
1159 2301 1274 2359 326)
1313 2300 1432 2347 discit
1460 2298 1720 2346 Guarinum
1749 2305 1927 2360 patrem

403 2380 505 2412 cum
527 2365 731 2426 Baptista
759 2366 856 2428 filio
893 2366 1197 2426 confundens:
1245 2372 1290 2412 et
1324 2365 1449 2426 quod
1485 2365 1693 2412 omnium
1732 2379 1926 2426 operum

402 2431 524 2478 illius
549 2432 745 2478 maxime
770 2439 954 2493 gratum
978 2433 1078 2491 fuit,
1116 2432 1344 2480 Catullum
1367 2432 1651 2492 municipem
1676 2446 1812 2479 suum
1837 2431 1927 2478 situ

402 2504 448 2544 et
470 2498 685 2558 squalore
710 2500 977 2546 confectum
999 2499 1244 2561 lucemque
1280 2514 1334 2546 ex
1360 2499 1589 2546 diuturnis
1623 2498 1828 2545 tenebris
1852 2512 1926 2544 re-

403 2565 729 2612 formidantem
764 2565 825 2611 ita
862 2566 1078 2613 abstersit
1105 2574 1157 2612 ut
1180 2566 1280 2613 sine
1307 2566 1477 2612 maiore
1502 2565 1674 2611 rubore
1698 2565 1745 2611 in
1773 2563 1926 2625 publi-

403 2645 510 2677 cum
546 2631 670 2678 exire
706 2646 802 2678 non
839 2631 1073 2679 dubitarit.
1139 2640 1325 2695 propter
1358 2632 1461 2679 haec
1494 2631 1646 2678 studia
1680 2630 1927 2678 catulliana

403 2698 629 2759 Baptistae
657 2697 862 2746 Guarino
889 2702 1166 2760 epigramma
1191 2701 1240 2746 de
1263 2702 1590 2746 resurrectione
1620 2697 1791 2745 Catulli
1810 2697 1928 2744 illud

404 2764 480 2823 (cf.
506 2779 647 2827 supra
680 2765 816 2812 huius
851 2766 1011 2812 indicis
1045 2780 1119 2813 nr.
1148 2769 1209 2814 60
1247 2773 1288 2813 et
1316 2766 1445 2826 infra
1474 2780 1521 2827 p.
1554 2764 1666 2823 101)
1692 2764 1772 2811 hoc
1794 2763 1925 2811 titulo

400 2831 609 2892 praesicco
656 2831 932 2878 Hextichum
971 2832 1161 2879 Guarini
1197 2831 1478 2879 Veronensis
1514 2831 1722 2878 Oratoris
1758 2829 1925 2877 Claris-

403 2896 505 2942 simi
541 2897 589 2943 in
615 2894 822 2945 libellum
848 2897 1014 2945 Valerii
1040 2898 1203 2946 Catulli
1239 2898 1337 2945 eius
1362 2898 1573 2945 conciuis
1596 2900 1647 2945 in
1669 2911 1761 2944 non
1785 2895 1926 2943 nullis

402 2963 622 3011 codicibus
645 2967 838 3012 nouiciis
873 2973 914 3011 et
949 2968 997 3012 in
1022 2965 1290 3012 editionibus
1326 2967 1650 3026 antiquissimis
1687 2964 1764 3023 (cf.
1792 2963 1923 3023 infra

397 3043 443 3089 p.
475 3031 581 3085 102,
615 3031 642 3076 l.
676 3032 753 3090 16)
780 3031 1047 3078 attributum
1074 3041 1150 3079 est.
1199 3032 1246 3078 id
1269 3035 1547 3094 epz‘qramma
1571 3033 1767 3091 respeoeit
1791 3033 1925 3076 etiam
