2040 3372
178 109 243 150 1111
879 107 1167 148 PRAEFATIO

293 243 429 290 huius
464 241 573 289 libri
593 241 743 298 edidit,
779 247 819 288 et
851 242 907 290 K.
930 243 980 290 P.
1003 243 1278 298 Schulzium,
1316 246 1395 306 qui
1417 246 1465 290 in
1488 243 1659 290 Herma
1682 244 1780 302 (13,
1807 243 1869 290 50

292 310 444 368 —58)
470 309 839 356 baehrensianam
865 310 1147 357 collationem
1169 309 1408 372 suppleuit,
1445 313 1537 371 ipse
1562 310 1749 357 codicem
1780 307 1818 355 T
1814 325 1872 356 u·-

294 376 474 436 binyam
511 375 817 422 liberalissime
851 379 1169 423 transmissum
1204 392 1245 423 a.
1281 377 1404 425 1877
1444 376 1628 424 contuli.

189 442 223 488 V
291 456 527 490 consensus
562 441 784 489 librorum
823 441 860 488 G
895 451 935 490 et
974 442 1073 502 0.1)

427 507 557 555 Libri
581 508 618 555 G
641 515 682 555 et
708 509 747 554 O
781 511 900 556 inter
931 523 976 555 se
1010 508 1236 556 simillimi
1264 511 1468 556 omnium
1494 510 1693 556 codicum
1727 506 1873 555 catul—

296 576 540 632 lianorum,
565 581 777 637 quotquot
794 575 936 622 adhuc
960 578 1271 630 innotuerunt,
1294 578 1581 636 inteqerrimi
1595 584 1715 622 sunt.
1761 588 1872 636 quo-

294 657 399 689 rum
418 656 520 689 cum
538 644 774 701 utriusque
792 650 872 689 aut
890 642 1158 689 alterutrius
1180 645 1277 690 siue
1302 651 1430 689 teoetu
1448 642 1507 701 (G
1528 642 1585 697 Ο)
1608 644 1706 689 siue
1723 642 1876 688 lectio-

294 709 427 755 nibus
453 715 638 769 praeter
660 715 835 755 temtum
864 709 1029 756 additis
1050 708 1125 768 (G1
1150 718 1190 756 et
1218 711 1264 770 q)
1300 711 1436 756 ceteri
1468 709 1578 756 libri
1610 708 1717 756 boni
1748 707 1809 768 (h.
1835 722 1872 755 e.

294 789 403 822 raro
431 773 709 836 interpolati)
740 789 883 836 paene
916 775 1079 836 ubique
1106 789 1191 837 per
1214 783 1358 822 totum
1383 776 1551 823 librum
1575 777 1872 823 consentiunt.

295 848 347 888 ut
381 840 580 902 intelleqi
606 844 747 902 possit
782 841 837 888 ab
873 850 981 888 utra
1011 849 1164 904 parte,
1201 842 1283 889 ubi
1317 841 1354 888 G
1389 851 1430 890 et
1466 841 1505 888 Ο
1541 845 1659 890 inter
1701 856 1747 889 se
1782 841 1874 889 dis-

296 914 490 968 crepant,
525 911 676 954 maior
703 921 815 968 pars
850 907 1072 956 bonorum
1107 908 1331 956 librorum
1363 915 1458 963 stet,
1495 908 1760 956 lectionibus
1791 916 1872 955 aut

189 972 253 1021 G*
297 977 347 1020 in
375 973 412 1020 G
448 974 540 1020 solo
576 973 651 1020 uel
682 988 822 1035 paene
855 974 948 1021 solo
985 982 1065 1022 aut
1099 977 1148 1022 in
1175 975 1214 1022 0
1250 975 1343 1022 solo
1380 975 1457 1023 uel
1486 990 1625 1037 paene
1658 975 1752 1023 solo
1777 983 1875 1022 tra-

189 1038 254 1087 0*
295 1041 400 1087 ditis
435 1044 701 1088 asteriscum
737 1038 798 1099 (³¹⁶)
834 1041 1000 1088 addidi.
1040 1045 1122 1103 qui
1163 1042 1245 1089 ubi
1287 1045 1338 1089 in
1373 1042 1638 1090 lectionibus
1674 1042 1873 1090 codicum

300 1106 337 1153 G
365 1115 406 1154 et
430 1107 469 1153 Ο
505 1110 627 1155 inter
660 1121 705 1154 se
740 1107 1092 1170 discrepantibus
1127 1111 1316 1156 omissus
1351 1117 1425 1164 est,
1461 1109 1687 1156 sciendum
1723 1116 1786 1156 est
1819 1108 1875 1156 ab

296 1177 532 1236 utriusque
566 1174 726 1221 codicis
753 1183 887 1235 parte
916 1175 1076 1236 plures
1101 1177 1269 1222 codices
1294 1176 1430 1223 bonos
1465 1184 1598 1223 stare.
1656 1190 1768 1223 raro
1793 1175 1877 1222 ad-

191 1238 250 1285 V*
294 1240 457 1287 hibitae
490 1248 596 1288 sunt
629 1247 762 1287 notae
805 1238 874 1285 V*
909 1249 950 1288 et
985 1240 1064 1302 9²⁸:
1101 1256 1297 1302 quarum
1338 1240 1409 1287 V*
1443 1244 1611 1290 indicat
1647 1243 1875 1289 lectionem

297 1307 378 1354 hac
413 1314 523 1354 nota
557 1309 822 1368 insi‘yni'tam
859 1322 881 1354 e
915 1308 1042 1355 nullo
1071 1317 1253 1370 praeter
1281 1308 1317 1355 G
1342 1316 1383 1355 et
1409 1309 1448 1356 Ο
1472 1310 1615 1357 codice
1650 1316 1875 1356 enotatam

189 1371 243 1436 q*
299 1389 411 1421 esse:
445 1371 501 1434 9*
536 1382 685 1421 autem
722 1373 956 1423 lectionem
990 1378 1065 1422 cui
1086 1378 1325 1423 asteriscus
1349 1377 1598 1438 adscriptus
1622 1383 1683 1423 est
1719 1391 1747 1437 9
1782 1375 1875 1423 solo

294 1527 332 1576 1)
354 1525 554 1565 Carmina
571 1525 741 1575 singula
769 1526 844 1563 ubi
870 1526 916 1563 in
942 1525 987 1565 V
1005 1527 1118 1564 inter
1140 1538 1183 1564 se
1209 1530 1463 1577 separantur
1490 1529 1722 1567 interstitio
1751 1532 1879 1568 unius

182 1591 332 1619 uersus
347 1582 615 1628 separantur.
654 1580 912 1617 carminibus
930 1580 976 1617 in
999 1578 1031 1618 G
1051 1582 1092 1617 et
1113 1579 1145 1618 0
1164 1593 1189 1618 a
1208 1582 1347 1630 prima
1373 1583 1594 1632 utriusque
1611 1593 1743 1620 manu
1764 1582 1879 1621 tituli

183 1633 293 1672 nulli
313 1633 574 1683 praescripti
607 1635 725 1682 sunt,
759 1635 847 1670 nisi
884 1632 997 1682 quod
1022 1635 1069 1671 in
1101 1632 1134 1671 G
1164 1634 1308 1673 titulos
1337 1636 1539 1673 carminis
1566 1637 1711 1685 quarti
1739 1637 1880 1685 quinti

183 1688 295 1725 sexti
312 1697 462 1724 manus
474 1687 618 1736 prima
636 1686 828 1736 scripsit:
858 1689 1015 1724 ceteros
1033 1688 1235 1725 eoearauit
1246 1699 1291 1737 g.
1332 1700 1425 1726 cum
1444 1690 1681 1727 carminum
1698 1690 1879 1741 inscrip-

185 1741 368 1779 tionibus
387 1751 494 1789 quae
512 1741 558 1778 in
581 1738 614 1777 G
634 1740 836 1789 leguntur
861 1740 1161 1790 inscriptiones
1183 1742 1228 1779 in
1248 1740 1424 1791 reliquis
1452 1742 1572 1780 libris
1591 1743 1710 1781 bonis
1731 1744 1877 1782 obuiae

187 1795 442 1843 conspirant.
490 1794 536 1830 in
568 1792 601 1831 G
629 1797 669 1831 et
701 1792 732 1830 0
760 1791 850 1838 fere
878 1794 1032 1843 ubique
1059 1795 1218 1844 scripta
1246 1797 1346 1833 sunt
1374 1806 1396 1833 e
1422 1807 1501 1845 pro
1530 1806 1577 1834 ae
1608 1798 1649 1833 et
1676 1807 1725 1835 oe
1755 1800 1879 1846 atque

185 1846 309 1886 nichil
337 1844 519 1895 (nichilo)
557 1849 598 1884 et
633 1845 753 1884 michi
783 1858 866 1896 pro
905 1845 1005 1885 nihil
1033 1846 1189 1897 (nihilo)
1227 1851 1268 1886 et
1305 1847 1402 1887 mihi
1432 1850 1494 1898 (in
1525 1848 1556 1887 0
1594 1849 1761 1899 quidem
1797 1861 1877 1900 pro

185 1932 310 1972 nichil
344 1935 386 1970 et
413 1931 533 1970 michi
561 1932 802 1981 saepissime
835 1931 939 1970 nich*
967 1931 1037 1969 uel
1064 1932 1116 1971 nl*
1145 1936 1186 1971 et
1213 1913 1251 1971 rii
1282 1934 1465 1983 legitur:
1500 1936 1598 1973 item
1630 1947 1713 1986 pro
1743 1935 1814 1976 sed
1846 1937 1877 1975 0

185 1987 427 2037 saepissime
453 1997 489 2025 ss
517 1985 713 2034 exhibet).
756 1985 858 2022 haec
876 1986 922 2022 in
941 1987 1078 2023 uariis
1098 1987 1346 2025 lectionibus
1366 1988 1588 2027 enatandis
1606 2001 1691 2028 non
1712 1991 1877 2038 curaui,

186 2043 283 2078 item
310 2040 484 2089 negleoei
507 2038 841 2088 praepositiones
870 2050 963 2076 cum
984 2040 1147 2077 casibus
1167 2041 1415 2079 coniunctas
1431 2042 1566 2089 (uelut
1583 2041 1748 2092 assuctu‚
1778 2055 1878 2094 ame,

187 2092 383 2144 deprona‚
419 2090 561 2139 exillo‚
590 2090 785 2140 inlimine)
816 2094 856 2129 et
887 2091 1044 2130 similes
1079 2092 1320 2131 litterarum
1349 2096 1666 2134 coniunctiones
1695 2096 1879 2136 disiunc-

185 2147 375 2185 tionesue
403 2144 626 2195 (multaque
654 2162 706 2176 =
735 2143 860 2183 multa
890 2156 1014 2196 quae,
1055 2145 1298 2197 ohymenee‚
1339 2149 1379 2186 at
1404 2148 1559 2198 petenti
1588 2168 1640 2184 =
1669 2150 1878 2200 atpetenti,

188 2198 238 2238 ad
265 2199 430 2248 ultera):
459 2201 559 2236 item
587 2210 616 2249 y
646 2201 687 2236 et
712 2197 724 2235 i
756 2198 922 2236 litteras
951 2200 996 2236 in
1021 2201 1189 2248 graecis
1218 2204 1494 2240 commutatas
1517 2201 1719 2252 (ciclades,
1748 2202 1879 2254 hiper-

186 2252 346 2301 horeos,
375 2251 530 2300 libisse,
562 2251 668 2299 onix,
698 2250 975 2302 symonideis)‚
1005 2251 1030 2290 h
1061 2252 1246 2291 litteram
1265 2253 1373 2291 male
1398 2257 1582 2304 positam
1601 2254 1781 2306 (linthea,
1811 2268 1879 2296 en-

188 2305 314 2345 decha
335 2305 482 2355 sillabi,
511 2304 830 2356 harpocrathem,
860 2305 1043 2356 opacha),
1073 2306 1169 2345 ciet
1196 2306 1224 2344 ti
1255 2306 1441 2358 syllabas
1469 2310 1582 2347 inter
1607 2322 1652 2347 se
1680 2308 1879 2356 confusas

187 2358 373 2408 (diuiciis,
403 2358 656 2409 elegancius‚
687 2358 897 2408 egnacius,
928 2359 1084 2409 gracia,
1112 2359 1259 2409 lecius,
1289 2361 1527 2411 uirencium)
1556 2362 1747 2414 aliasque
1773 2365 1877 2403 scri-

180 2416 335 2462 pturas
354 2413 557 2451 barbaras
588 2410 761 2463 (sydera,
790 2410 950 2462 hyrcus,
979 2411 1136 2463 ymber)
1153 2425 1239 2452 non
1260 2416 1522 2465 transcripsi,
1551 2427 1599 2454 ea
1619 2418 1758 2455 tamen
1776 2429 1880 2456 sem-

187 2478 263 2512 per
282 2467 480 2504 cautione
503 2477 604 2503 usus
630 2469 690 2513 ut,
718 2466 757 2503 si
776 2466 822 2502 in
840 2466 1022 2503 notabili
1041 2465 1184 2517 aliqua
1204 2468 1329 2506 liuius
1344 2470 1517 2518 generis
1536 2468 1711 2508 lectione
1734 2469 1767 2509 G
1786 2474 1827 2508 et
1847 2471 1879 2509 0

189 2521 466 2568 consentiunt,
495 2520 607 2557 hunc
627 2530 869 2557 consensum
893 2519 1126 2558 indicarem
1154 2523 1195 2558 et
1222 2533 1243 2557 e
1273 2523 1420 2559 ceteris
1448 2534 1612 2572 quoque
1631 2523 1879 2562 lectionibus

190 2585 259 2610 eas
283 2584 463 2622 quarum
490 2584 592 2610 usus
620 2571 1023 2622 quantuluscumque
1042 2586 1126 2611 esse
1146 2577 1290 2623 posset
1307 2576 1564 2614 eoecriberem
1587 2578 1733 2626 potius
1751 2589 1878 2627 quam

184 2627 578 2675 praetermitterem.
629 2627 868 2675 scripturae
891 2627 1133 2676 compendia
1149 2639 1235 2665 non
1262 2628 1456 2666 indicaui
1482 2631 1568 2666 nisi
1593 2641 1694 2668 raro
1723 2632 1797 2669 ubi
1824 2644 1878 2670 ex

188 2691 236 2716 re
264 2691 346 2716 esse
366 2679 604 2717 uidebatur.
650 2680 696 2716 in
724 2677 943 2717 uocabulis
971 2690 1183 2730 umquam,
1212 2691 1453 2732 numquam,
1483 2693 1747 2733 quamquam,
1777 2686 1878 2723 tam-

191 2742 331 2782 quam,
369 2743 631 2783 quemquam,
668 2734 902 2782 utrumque,
932 2744 1143 2784 -cumque,
1171 2733 1380 2771 similibus
1406 2736 1657 2785 scribendis,
1697 2749 1877 2786 quarum

190 2785 333 2822 littera
368 2785 526 2823 nasalis
560 2789 658 2824 ante
695 2797 719 2836 q
751 2787 894 2835 posita
923 2786 969 2823 in
1001 2785 1034 2824 G
1062 2789 1103 2823 et
1132 2786 1163 2824 0
1192 2787 1441 2837 plerumque
1468 2801 1550 2838 per
1586 2790 1876 2840 compendium

189 2838 404 2887 scribitur,
430 2840 476 2875 in
506 2842 625 2876 tea-tu
653 2839 828 2877 exhibui
854 2836 1017 2884 formas
1038 2851 1119 2890 per
1144 2851 1182 2878 m
1203 2842 1382 2890 scriptas
1401 2842 1645 2893 (numquam,
1673 2855 1758 2882 non
1777 2854 1876 2882 nun-

191 2902 309 2941 quam
340 2892 449 2940 etc.),
479 2893 539 2929 ita
568 2894 704 2930 tamen
732 2895 802 2939 ut,
833 2894 1024 2942 quotiens
1051 2897 1127 2932 aut
1153 2894 1198 2931 in
1226 2896 1405 2943 utroque
1433 2898 1509 2933 aut
1535 2897 1582 2933 in
1611 2895 1746 2935 altero
1775 2899 1873 2935 utro

191 2943 332 2982 codice
355 2956 407 2995 nq
430 2943 598 2993 legitur,
625 2946 673 2983 id
689 2945 947 2986 adnotarem.
987 2947 1026 2984 si
1045 2948 1139 2996 quis
1161 2947 1514 2986 animaduerterit
1527 2961 1582 2987 em
1599 2948 1631 2987 G
1651 2953 1692 2987 et
1708 2948 1740 2987 0
1759 2962 1785 2988 a
1810 2961 1876 2988 me-

189 3000 360 3035 enotata
388 2999 553 3047 saepius
580 2999 631 3036 ab
662 3001 720 3036 eis
747 2999 987 3049 discrepare
1015 3012 1122 3050 quae
1150 3000 1229 3038 alii
1255 3001 1353 3038 iude
1381 3003 1686 3052 eoecripserunt‚
1714 3004 1751 3039 is
1768 3004 1874 3042 scito

188 3062 253 3088 me
273 3051 422 3088 horum
451 3052 551 3088 bene
564 3063 750 3100 gnarum
780 3052 993 3091 codicibus
1021 3057 1219 3092 accurate
1248 3056 1505 3093 eaeaminatis
1530 3067 1622 3093 mea
1651 3055 1820 3096 dedisse.
