2040 3372
262 97 322 141 12
926 105 987 152 13,
1020 107 1188 156 13—14‚
1221 108 1269 146 26

461 232 596 288 Quod
631 242 683 282 tu
718 250 822 284 cum
859 237 1057 294 olfacies‚
1095 240 1205 288 deos
1242 242 1440 303 rogabis,

461 299 628 347 Totum
665 310 716 350 ut
750 311 795 351 te
830 305 1013 363 faciant,
1049 306 1253 365 Fabulle,
1291 323 1467 356 nasum.

259 444 325 500 14
460 443 561 497 Nez‘
593 454 637 495 te
672 449 776 511 plus
811 451 956 498 oculis
990 451 1104 499 meis
1139 467 1353 513 amarem,

460 515 793 564 Iucundissime
831 517 983 574 Calue,
1021 533 1215 567 munere
1250 520 1337 568 isto

462 582 670 629 Odissem
706 589 751 629 te
787 583 891 630 odio
928 585 1186 633 uatiniano:

458 648 573 695 Nam
609 649 720 710 quid
755 650 842 696 feci
878 665 962 713 ego
999 652 1169 713 quidue
1204 668 1305 700 sum
1344 655 1526 703 locutus

403 723 425 761 5
462 714 555 762 Cur
589 731 664 763 me
699 722 768 763 tot
802 718 917 764 male
950 718 1169 779 perderes
1203 720 1387 781 poetis?

459 781 538 829 Isti
575 783 636 829 dii
673 783 790 829 mala
826 784 968 831 multa
1005 785 1111 832 dent
1146 786 1302 833 clienti

461 848 551 903 Qui
587 856 767 896 tantum
802 851 884 897 tibi
920 852 1043 899 misit
1078 852 1341 914 impiorum.

461 915 594 970 Quod
631 917 684 974 si,
720 923 772 963 ut
806 918 1031 978 suspicor,
1068 920 1157 966 hoc
1193 934 1370 967 nouum
1404 935 1457 968 ac
1491 927 1727 983 repertum

459 982 630 1030 Munus
665 984 741 1030 dat
775 984 858 1030 tibi
894 984 1019 1032 Sulla
1054 986 1273 1043 literator‚

379 1056 422 1095 10
457 1049 561 1096 Non
599 1057 668 1098 est
701 1053 769 1097 mi
802 1052 934 1109 male,
970 1053 1051 1100 sed
1085 1052 1206 1101 bene
1242 1069 1294 1100 ac
1330 1054 1476 1112 beate,

460 1116 597 1171 Quod
634 1133 729 1164 non
765 1118 1034 1180 dispereunt
1068 1120 1135 1166 tui
1170 1120 1367 1168 labores.

459 1183 531 1230 Dii
566 1184 736 1245 magni,
774 1185 1044 1232 horribilem
1080 1193 1126 1232 et
1160 1201 1343 1234 sacrum
1378 1188 1600 1246 libellum,

459 1249 609 1304 Quem
645 1260 694 1298 tu
730 1251 905 1299 scilicet
940 1253 995 1299 ad
1031 1259 1161 1300 tuum
1199 1254 1423 1302 Catullum

458 1316 592 1375 Misti,
631 1319 856 1366 continuo
894 1326 946 1366 ut
981 1320 1053 1366 die
1088 1320 1264 1381 periret

381 1391 426 1429 15
462 1384 785 1433 Saturnalibus
822 1387 998 1447 optimo
1034 1387 1239 1434 dierum!

458 1451 562 1498 Non
601 1468 696 1500 non
733 1454 820 1500 hoc
856 1453 953 1510 tibi,
990 1454 1120 1511 salse,
1155 1454 1215 1501 sic
1251 1454 1416 1501 abibit:

460 1517 590 1576 Nam,
628 1520 665 1567 si
701 1520 884 1577 luxerit,
921 1520 978 1566 ad
1011 1520 1306 1568 librariorum

460 1584 654 1633 Curram
689 1587 874 1644 scrinia,
913 1586 1108 1641 Caesios,
1147 1588 1368 1648 Aquinos,

460 1652 702 1701 Suffenum
739 1654 894 1701 omnia
929 1654 1140 1714 colligam
1177 1669 1373 1712 uenena,

381 1727 425 1766 20
459 1719 523 1767 Ac
557 1727 603 1767 te
638 1721 708 1768 his
744 1721 981 1782 suppliciis
1015 1721 1368 1768 remunerabor.

460 1786 550 1834 Vos
585 1787 695 1835 hinc
730 1787 906 1835 interea
940 1788 1090 1835 ualete
1125 1788 1246 1835 abite

458 1853 573 1900 llluc
608 1854 733 1902 unde
768 1855 939 1902 malum
973 1856 1139 1917 pedem
1174 1854 1403 1913 attulistis,

460 1920 603 1968 Saecli
637 1921 946 1980 incommoda,
982 1922 1168 1983 pessimi
1204 1928 1383 1983 poetae.

459 2037 511 2089 Si
547 2041 627 2102 qui
661 2042 782 2088 forte
815 2055 1020 2089 mearum
1056 2041 1336 2102 ineptiarum

381 2114 424 2153 25
458 2107 679 2155 Lectores
716 2108 843 2155 eritis
876 2122 1134 2169 manusque
1170 2114 1347 2155 uestras

459 2174 563 2220 Non
599 2174 846 2222 horrebitis
881 2176 1129 2222 admouere
1166 2174 1300 2222 nobis
1320 2208 1331 2220 .
1353 2209 1363 2220 .
1385 2209 1396 2219 .

391 2303 448 2346 14
475 2306 752 2346 [ntem-titium
781 2305 825 2346 V
826 2321 840 2344 .-
868 2309 1049 2346 inseruit
1074 2306 1136 2346 Ad
1166 2306 1330 2346 Caluum
1359 2308 1520 2356 poetam
1544 2316 1576 2355 g
1601 2303 1617 2358 ΙΙ
1659 2307 1676 2344 1
1709 2303 1784 2344 Nei
1813 2302 1943 2342 Laeli-

257 2369 455 2398 manmcs:
486 2359 545 2399 Ne
577 2359 611 2399 G
644 2359 675 2398 E
704 2360 862 2411 (littera
886 2363 1028 2411 prima
1056 2362 1278 2400 miniatem·
1303 2359 1536 2410 reseruata)
1566 2358 1598 2397 0
1627 2357 1678 2398 Ni
1707 2371 1742 2397 ω
1772 2354 1786 2408 ΙΙ
1823 2357 1846 2396 3
1877 2369 1944 2396 113-

259 2411 416 2451 ciniano
441 2412 474 2452 G
500 2412 515 2466 ΙΙ
545 2416 567 2454 5
597 2413 713 2453 malis
734 2413 774 2453 V
799 2412 812 2465 ΙΙ
842 2415 865 2454 6
896 2413 991 2453 dant
1012 2413 1050 2452 V
1074 2414 1090 2467 ΙΙ
1119 2416 1142 2455 9
1172 2414 1206 2453 si
1234 2413 1303 2453 illa
1325 2413 1375 2454 V.
1417 2414 1456 2452 Ιι.
1475 2425 1515 2452 u.
1537 2413 1689 2451 citauit
1705 2410 1944 2450 Martianus

262 2465 428 2516 Capella
454 2467 496 2514 5,
523 2466 605 2507 229
632 2467 708 2507 hoc
737 2467 857 2506 etiam
886 2467 1065 2506 Catullus
1094 2466 1254 2518 quidam
1290 2478 1370 2507 non
1407 2466 1586 2506 insuauis
1622 2467 1742 2517 poeta
1771 2475 1943 2504 comme-

172 2533 180 2540 ·
258 2522 388 2558 morat
416 2519 554 2559 dicens
579 2516 740 2560 ‘Munus
768 2542 820 2548 —
850 2520 1061 2560 litterator.
1116 2521 1215 2559 inde
1243 2521 1420 2560 Ioannes
1448 2519 1775 2559 Saresberiensis
1805 2516 1942 2556 metal.

257 2573 360 2622 ‹1,24
389 2574 500 2612 hune
527 2586 697 2612 uersum
724 2575 864 2612 nouit:
895 2574 1114 2625 antiquitus
1142 2574 1362 2614 uocabatur
1389 2573 1586 2613 litterator
1613 2571 1724 2612 iuxta
1751 2569 1851 2611 illud
1871 2569 1942 2609 Ga-

259 2626 347 2665 tulli
376 2620 830 2667 ‘Munus—litterator'
861 2625 876 2678 ΙΙ
908 2630 954 2667 10
975 2627 1094 2666 michi
1111 2627 1156 2667 V
1172 2626 1186 2680 ΙΙ
1220 2630 1268 2668 14
1288 2626 1485 2667 MisistiV
1510 2626 1524 2677 ΙΙ
1556 2628 1603 2666 15
1624 2625 1758 2677 opimo
1777 2623 1810 2663 G
1830 2622 1941 2672 [BA]

259 2679 424 2729 oppinio
457 2681 513 2719 0*
548 2693 637 2719 sscr
664 2680 714 2719 al’
743 2679 897 2732 optimo
923 2693 956 2730 g
985 2681 1150 2731 [optimo
1181 2683 1337 2729 ceterv'].
1390 2679 1573 2721 Mac-rob.
1604 2679 1772 2719 Saturn.
1799 2678 1842 2728 2,
1862 2677 1897 2725 Ι,
1914 2678 1942 2716 8

259 2732 353 2783 quia
380 2728 677 2774 ‘Saturnalibus
703 2734 856 2784 optimo
886 2730 1071 2784 dierum'‚
1100 2737 1145 2774 ut
1173 2734 1229 2773 ait
1256 2733 1490 2773 ueronensis
1510 2735 1628 2784 poeta
1649 2736 1723 2772 ele.
1749 2732 1766 2786 ΙΙ
1796 2733 1844 2771 16
1863 2729 1941 2770 hoc

257 2785 454 2834 [ACDL12
486 2787 560 2827 hec
591 2789 636 2828 V
655 2787 805 2836 [BHA]
832 2787 847 2839 ΙΙ
875 2787 981 2827 salse
1013 2787 1045 2827 G
1075 2787 1185 2837 [BA]
1213 2799 1302 2826 sser
1329 2787 1378 2826 al’
1408 2786 1507 2826 false
1532 2798 1564 2837 g
1591 2786 1692 2826 false
1709 2786 1742 2826 0
1769 2787 1827 2845 [ef
1845 2783 1941 2834 plu-

256 2840 371 2887 rimi]
412 2840 420 2892 Ι
456 2839 501 2879 fit
533 2841 601 2881 V*
628 2843 675 2880 in
703 2844 822 2880 teoetu
851 2853 948 2879 corr
976 2841 1029 2881 sit
1053 2853 1086 2891 g
1115 2841 1181 2889 [sit
1207 2840 1304 2888 ΒΛ]
1331 2839 1345 2892 ΙΙ
1374 2840 1500 2879 abibit
1567 2856 1576 2880 ε
1605 2839 1759 2880 adbibit
1789 2834 1940 2877 (1¹⁸¹·ad-

257 2891 359 2931 hibit
414 2892 437 2915 *
463 2893 478 2946 ΙΙ
508 2896 554 2934 17
585 2894 725 2934 luserit
747 2894 807 2933 G*
833 2907 921 2933 sser
949 2894 997 2933 al'
1018 2907 1043 2933 x
1070 2906 1198 2945 supra
1218 2905 1237 2933 s
1267 2894 1452 2932 litteram
1575 2895 1622 2935 18
1653 2893 1754 2932 Curfi
1781 2889 1838 2930 0*
1865 2889 1941 2929 Cur

258 2948 339 2984 tam
358 2946 391 2985 G
418 2945 433 2995 11
461 2947 602 2986 scrinia
620 2948 662 2987 V
665 2947 709 2987 *z
738 2946 892 2987 scrinea
908 2959 940 2997 g
969 2947 1135 2996 [scrinea
1155 2947 1439 2996 ABCDHLA]
1466 2944 1472 2997 Ι
1507 2946 1703 2998 Aquinios
1727 2943 1942 3006 Turnebus

255 2997 270 3052 ΙΙ
302 3001 350 3039 19
381 2998 582 3040 Suffenam
613 3001 655 3040 V
674 3000 689 3052 ΙΙ
718 3003 768 3041 20
798 2999 878 3040 Hac
904 3000 948 3040 V
967 3001 982 3052 ΙΙ
1010 3001 1081 3040 tibi
1111 3001 1187 3040 hiis
1217 3000 1388 3052 supplit‘)
1411 2999 1466 3039 Ο*
1491 2999 1507 3052 ΙΙ
1534 3001 1583 3040 23
1614 2998 1748 3039 Seculi
1777 2998 1822 3038 V
1838 2995 1854 3050 ΙΙ
1881 3009 1940 3060 111-

258 3052 425 3093 comoda
458 3053 489 3091 O
527 3054 540 3106 ΙΙ
564 3055 736 3099 ,24-26
765 3066 858 3093 cum
887 3066 920 3094 c.
952 3055 1001 3093 14
1028 3057 1117 3093 sine
1144 3056 1372 3094 interstitio
1407 3055 1628 3093 cohaerent
1657 3052 1717 3093 V:
1753 3053 1942 3090 see'unoezt
