<?xml version="1.0" encoding="UTF-8"?>
<!DOCTYPE html PUBLIC "-//W3C//DTD XHTML 1.0 Transitional//EN"
    "http://www.w3.org/TR/xhtml1/DTD/xhtml1-transitional.dtd">
<html xmlns="http://www.w3.org/1999/xhtml" xml:lang="en" lang="en">
 <head>
  <title>
</title>
<meta http-equiv="Content-Type" content="text/html;charset=utf-8" />
  <meta name='ocr-system' content='tesseract 3.04.00' />
  <meta name='ocr-capabilities' content='ocr_page ocr_carea ocr_par ocr_line ocrx_word'/>
</head>
<body>
  <div class='ocr_page' id='page_1' title='image "./catvlliveronensi00catuuoft_0104.png"; bbox 0 0 2040 3372; ppageno 0'>
   <div class='ocr_carea' id='block_1_1' title="bbox 180 114 1158 164">
    <p class='ocr_par' dir='ltr' id='par_1_1' title="bbox 180 114 1158 164">
     <span class='ocr_line' id='line_1_1' title="bbox 180 114 1158 164; baseline -0.005 -5"><span class='ocrx_word' id='word_1_1' title='bbox 180 114 240 159; x_wconf 84' lang='grc'>76</span> <span class='ocrx_word' id='word_1_2' title='bbox 902 116 966 164; x_wconf 87' lang='grc'>66,</span> <span class='ocrx_word' id='word_1_3' title='bbox 997 116 1158 156; x_wconf 82' lang='lat'>74-94</span> 
     </span>
    </p>
   </div>
   <div class='ocr_carea' id='block_1_2' title="bbox 302 248 1875 1643">
    <p class='ocr_par' dir='ltr' id='par_1_2' title="bbox 302 248 1875 1643">
     <span class='ocr_line' id='line_1_2' title="bbox 454 248 1487 310; baseline 0 -14"><span class='ocrx_word' id='word_1_4' title='bbox 454 248 649 296; x_wconf 88' lang='lat' dir='ltr'>Condita</span> <span class='ocrx_word' id='word_1_5' title='bbox 685 248 798 310; x_wconf 79' lang='lat' dir='ltr'>quin</span> <span class='ocrx_word' id='word_1_6' title='bbox 832 253 968 296; x_wconf 80' lang='lat' dir='ltr'>nerei</span> <span class='ocrx_word' id='word_1_7' title='bbox 999 249 1202 309; x_wconf 78' lang='lat' dir='ltr'>pectoris</span> <span class='ocrx_word' id='word_1_8' title='bbox 1237 249 1487 306; x_wconf 85' lang='lat' dir='ltr'>euoluam)‚</span> 
     </span>
     <span class='ocr_line' id='line_1_3' title="bbox 302 314 1752 378; baseline 0 -17"><span class='ocrx_word' id='word_1_9' title='bbox 302 323 346 361; x_wconf 79' lang='lat'>75</span> <span class='ocrx_word' id='word_1_10' title='bbox 382 314 487 363; x_wconf 92' lang='lat' dir='ltr'>Non</span> <span class='ocrx_word' id='word_1_11' title='bbox 523 316 596 363; x_wconf 90' lang='lat' dir='ltr'>his</span> <span class='ocrx_word' id='word_1_12' title='bbox 629 322 724 362; x_wconf 88' lang='lat' dir='ltr'>tam</span> <span class='ocrx_word' id='word_1_13' title='bbox 758 315 905 361; x_wconf 86' lang='lat' dir='ltr'>laetor</span> <span class='ocrx_word' id='word_1_14' title='bbox 939 315 1080 362; x_wconf 89' lang='lat' dir='ltr'>rebus</span> <span class='ocrx_word' id='word_1_15' title='bbox 1117 329 1255 376; x_wconf 86' lang='lat' dir='ltr'>quam</span> <span class='ocrx_word' id='word_1_16' title='bbox 1290 329 1364 362; x_wconf 92' lang='lat' dir='ltr'>me</span> <span class='ocrx_word' id='word_1_17' title='bbox 1401 316 1534 375; x_wconf 87' lang='lat' dir='ltr'>afore</span> <span class='ocrx_word' id='word_1_18' title='bbox 1570 329 1752 378; x_wconf 82' lang='lat' dir='ltr'><strong>semper</strong></span> 
     </span>
     <span class='ocr_line' id='line_1_4' title="bbox 455 381 1542 444; baseline -0.001 -15"><span class='ocrx_word' id='word_1_19' title='bbox 455 384 602 444; x_wconf 87' lang='lat' dir='ltr'>Afore</span> <span class='ocrx_word' id='word_1_20' title='bbox 637 396 712 428; x_wconf 90' lang='lat' dir='ltr'>me</span> <span class='ocrx_word' id='word_1_21' title='bbox 748 396 773 428; x_wconf 88' lang='lat' dir='ltr'>a</span> <span class='ocrx_word' id='word_1_22' title='bbox 809 381 1025 428; x_wconf 87' lang='lat' dir='ltr'>dominae</span> <span class='ocrx_word' id='word_1_23' title='bbox 1061 382 1236 429; x_wconf 79' lang='lat' dir='ltr'>uertice</span> <span class='ocrx_word' id='word_1_24' title='bbox 1272 381 1542 440; x_wconf 86' lang='lat' dir='ltr'>discrucior,</span> 
     </span>
     <span class='ocr_line' id='line_1_5' title="bbox 385 448 1875 510; baseline -0.002 -14"><span class='ocrx_word' id='word_1_25' title='bbox 385 448 584 504; x_wconf 85' lang='lat' dir='ltr'><strong>Quicum</strong></span> <span class='ocrx_word' id='word_1_26' title='bbox 620 464 724 510; x_wconf 85' lang='lat' dir='ltr'>ego,</span> <span class='ocrx_word' id='word_1_27' title='bbox 760 449 870 495; x_wconf 87' lang='lat' dir='ltr'>dum</span> <span class='ocrx_word' id='word_1_28' title='bbox 907 448 1040 509; x_wconf 85' lang='lat' dir='ltr'>uirgo</span> <span class='ocrx_word' id='word_1_29' title='bbox 1076 448 1312 509; x_wconf 87' lang='lat' dir='ltr'>quondam</span> <span class='ocrx_word' id='word_1_30' title='bbox 1347 449 1435 495; x_wconf 90' lang='lat' dir='ltr'>fuit</span> <span class='ocrx_word' id='word_1_31' title='bbox 1467 448 1685 496; x_wconf 91' lang='lat' dir='ltr'>omnibus</span> <span class='ocrx_word' id='word_1_32' title='bbox 1708 461 1875 509; x_wconf 82' lang='lat' dir='ltr'><strong>expers</strong></span> 
     </span>
     <span class='ocr_line' id='line_1_6' title="bbox 459 515 1348 576; baseline 0.001 -15"><span class='ocrx_word' id='word_1_33' title='bbox 459 515 734 576; x_wconf 86' lang='lat' dir='ltr'>Vnguentis‚</span> <span class='ocrx_word' id='word_1_34' title='bbox 770 529 864 561; x_wconf 90' lang='lat' dir='ltr'>una</span> <span class='ocrx_word' id='word_1_35' title='bbox 898 515 1022 561; x_wconf 90' lang='lat' dir='ltr'>milia</span> <span class='ocrx_word' id='word_1_36' title='bbox 1058 516 1201 562; x_wconf 89' lang='lat' dir='ltr'>multa</span> <span class='ocrx_word' id='word_1_37' title='bbox 1237 515 1348 562; x_wconf 90' lang='lat' dir='ltr'>bibi.</span> 
     </span>
     <span class='ocr_line' id='line_1_7' title="bbox 385 582 1588 643; baseline -0.002 -14"><span class='ocrx_word' id='word_1_38' title='bbox 385 582 523 630; x_wconf 86' lang='lat' dir='ltr'>Nunc</span> <span class='ocrx_word' id='word_1_39' title='bbox 557 597 644 630; x_wconf 90' lang='lat' dir='ltr'>uos</span> <span class='ocrx_word' id='word_1_40' title='bbox 680 587 837 643; x_wconf 88' lang='lat' dir='ltr'>optato</span> <span class='ocrx_word' id='word_1_41' title='bbox 876 596 1014 642; x_wconf 90' lang='lat' dir='ltr'>quom</span> <span class='ocrx_word' id='word_1_42' title='bbox 1049 582 1200 628; x_wconf 84' lang='lat' dir='ltr'>iunxit</span> <span class='ocrx_word' id='word_1_43' title='bbox 1232 582 1410 629; x_wconf 91' lang='lat' dir='ltr'>lumine</span> <span class='ocrx_word' id='word_1_44' title='bbox 1443 582 1588 641; x_wconf 84' lang='lat' dir='ltr'>taeda,</span> 
     </span>
     <span class='ocr_line' id='line_1_8' title="bbox 308 648 1557 710; baseline -0.002 -13"><span class='ocrx_word' id='word_1_45' title='bbox 308 658 353 697; x_wconf 85' lang='grc'>80</span> <span class='ocrx_word' id='word_1_46' title='bbox 461 649 566 695; x_wconf 82' lang='grc' dir='ltr'>Νοιι</span> <span class='ocrx_word' id='word_1_47' title='bbox 603 651 735 710; x_wconf 79' lang='lat' dir='ltr'>prius</span> <span class='ocrx_word' id='word_1_48' title='bbox 770 648 1004 695; x_wconf 78' lang='lat' dir='ltr'><strong>unanimis</strong></span> <span class='ocrx_word' id='word_1_49' title='bbox 1038 663 1235 710; x_wconf 81' lang='lat' dir='ltr'>corpora</span> <span class='ocrx_word' id='word_1_50' title='bbox 1278 648 1557 709; x_wconf 85' lang='lat' dir='ltr'>coniugibus</span> 
     </span>
     <span class='ocr_line' id='line_1_9' title="bbox 388 715 1447 776; baseline 0 -15"><span class='ocrx_word' id='word_1_51' title='bbox 388 715 576 762; x_wconf 82' lang='lat' dir='ltr'>Tradite</span> <span class='ocrx_word' id='word_1_52' title='bbox 612 715 844 762; x_wconf 86' lang='lat' dir='ltr'>nudantes</span> <span class='ocrx_word' id='word_1_53' title='bbox 879 717 1052 761; x_wconf 81' lang='lat' dir='ltr'>reiecta</span> <span class='ocrx_word' id='word_1_54' title='bbox 1086 722 1217 762; x_wconf 86' lang='lat' dir='ltr'>ueste</span> <span class='ocrx_word' id='word_1_55' title='bbox 1252 715 1447 776; x_wconf 83' lang='lat' dir='ltr'>papillas</span> 
     </span>
     <span class='ocr_line' id='line_1_10' title="bbox 462 780 1543 843; baseline 0 -16"><span class='ocrx_word' id='word_1_56' title='bbox 462 782 612 836; x_wconf 85' lang='lat' dir='ltr'>Quam</span> <span class='ocrx_word' id='word_1_57' title='bbox 648 780 849 827; x_wconf 83' lang='lat' dir='ltr'>iocunda</span> <span class='ocrx_word' id='word_1_58' title='bbox 883 781 995 828; x_wconf 91' lang='lat' dir='ltr'>mihi</span> <span class='ocrx_word' id='word_1_59' title='bbox 1029 795 1224 829; x_wconf 88' lang='lat' dir='ltr'>munera</span> <span class='ocrx_word' id='word_1_60' title='bbox 1258 781 1372 828; x_wconf 90' lang='lat' dir='ltr'>libet</span> <span class='ocrx_word' id='word_1_61' title='bbox 1407 796 1543 843; x_wconf 79' lang='lat' dir='ltr'>onyx,</span> 
     </span>
     <span class='ocr_line' id='line_1_11' title="bbox 387 847 1556 910; baseline 0 -16"><span class='ocrx_word' id='word_1_62' title='bbox 387 848 551 895; x_wconf 83' lang='lat' dir='ltr'><strong>Vester</strong></span> <span class='ocrx_word' id='word_1_63' title='bbox 587 862 725 910; x_wconf 78' lang='lat' dir='ltr'>onyx,</span> <span class='ocrx_word' id='word_1_64' title='bbox 763 854 888 895; x_wconf 85' lang='lat' dir='ltr'>casto</span> <span class='ocrx_word' id='word_1_65' title='bbox 925 848 1074 895; x_wconf 86' lang='lat' dir='ltr'>colitis</span> <span class='ocrx_word' id='word_1_66' title='bbox 1111 862 1229 908; x_wconf 87' lang='lat' dir='ltr'>quae</span> <span class='ocrx_word' id='word_1_67' title='bbox 1264 848 1364 894; x_wconf 89' lang='lat' dir='ltr'>iura</span> <span class='ocrx_word' id='word_1_68' title='bbox 1400 847 1556 894; x_wconf 90' lang='lat' dir='ltr'>cubili.</span> 
     </span>
     <span class='ocr_line' id='line_1_12' title="bbox 462 914 1447 975; baseline -0.001 -14"><span class='ocrx_word' id='word_1_69' title='bbox 462 914 553 961; x_wconf 86' lang='lat' dir='ltr'>Sed</span> <span class='ocrx_word' id='word_1_70' title='bbox 590 928 709 974; x_wconf 89' lang='lat' dir='ltr'>quae</span> <span class='ocrx_word' id='word_1_71' title='bbox 744 929 793 961; x_wconf 92' lang='lat' dir='ltr'>se</span> <span class='ocrx_word' id='word_1_72' title='bbox 827 915 1011 975; x_wconf 87' lang='lat' dir='ltr'>impuro</span> <span class='ocrx_word' id='word_1_73' title='bbox 1048 915 1173 961; x_wconf 83' lang='lat' dir='ltr'><strong>dedit</strong></span> <span class='ocrx_word' id='word_1_74' title='bbox 1206 914 1447 971; x_wconf 82' lang='lat' dir='ltr'>adulteri0‚</span> 
     </span>
     <span class='ocr_line' id='line_1_13' title="bbox 308 980 1583 1042; baseline -0.002 -14"><span class='ocrx_word' id='word_1_75' title='bbox 308 989 354 1028; x_wconf 88' lang='grc'>85</span> <span class='ocrx_word' id='word_1_76' title='bbox 388 980 517 1028; x_wconf 91' lang='lat' dir='ltr'>Illius</span> <span class='ocrx_word' id='word_1_77' title='bbox 554 995 578 1027; x_wconf 92' lang='lat' dir='ltr'>a</span> <span class='ocrx_word' id='word_1_78' title='bbox 613 981 732 1027; x_wconf 86' lang='lat' dir='ltr'>mala</span> <span class='ocrx_word' id='word_1_79' title='bbox 769 982 889 1028; x_wconf 84' lang='lat' dir='ltr'>dona</span> <span class='ocrx_word' id='word_1_80' title='bbox 924 981 1041 1028; x_wconf 92' lang='lat' dir='ltr'>leuis</span> <span class='ocrx_word' id='word_1_81' title='bbox 1076 980 1206 1028; x_wconf 87' lang='lat' dir='ltr'>bibat</span> <span class='ocrx_word' id='word_1_82' title='bbox 1239 981 1368 1027; x_wconf 86' lang='lat' dir='ltr'>irrita</span> <span class='ocrx_word' id='word_1_83' title='bbox 1404 980 1583 1042; x_wconf 89' lang='lat' dir='ltr'>puluis:</span> 
     </span>
     <span class='ocr_line' id='line_1_14' title="bbox 462 1047 1690 1109; baseline -0.001 -15"><span class='ocrx_word' id='word_1_84' title='bbox 462 1047 674 1108; x_wconf 84' lang='lat' dir='ltr'><strong>Namque</strong></span> <span class='ocrx_word' id='word_1_85' title='bbox 710 1062 795 1108; x_wconf 84' lang='lat' dir='ltr'>ego</span> <span class='ocrx_word' id='word_1_86' title='bbox 834 1048 890 1094; x_wconf 88' lang='lat' dir='ltr'>ab</span> <span class='ocrx_word' id='word_1_87' title='bbox 928 1048 1130 1109; x_wconf 77' lang='lat' dir='ltr'>indignis</span> <span class='ocrx_word' id='word_1_88' title='bbox 1165 1048 1368 1109; x_wconf 85' lang='lat' dir='ltr'>praemia</span> <span class='ocrx_word' id='word_1_89' title='bbox 1405 1047 1531 1095; x_wconf 86' lang='lat' dir='ltr'>nulla</span> <span class='ocrx_word' id='word_1_90' title='bbox 1566 1051 1690 1108; x_wconf 79' lang='lat' dir='ltr'>peto,</span> 
     </span>
     <span class='ocr_line' id='line_1_15' title="bbox 390 1114 1695 1176; baseline -0.001 -15"><span class='ocrx_word' id='word_1_91' title='bbox 390 1114 482 1161; x_wconf 89' lang='lat' dir='ltr'>Sed</span> <span class='ocrx_word' id='word_1_92' title='bbox 517 1114 678 1175; x_wconf 86' lang='lat' dir='ltr'>magis,</span> <span class='ocrx_word' id='word_1_93' title='bbox 716 1129 743 1160; x_wconf 95' lang='lat' dir='ltr'>o</span> <span class='ocrx_word' id='word_1_94' title='bbox 780 1121 968 1176; x_wconf 82' lang='lat' dir='ltr'>nuptae,</span> <span class='ocrx_word' id='word_1_95' title='bbox 1006 1128 1192 1176; x_wconf 86' lang='lat' dir='ltr'>semper</span> <span class='ocrx_word' id='word_1_96' title='bbox 1227 1114 1478 1162; x_wconf 86' lang='lat' dir='ltr'>concordia</span> <span class='ocrx_word' id='word_1_97' title='bbox 1512 1119 1695 1161; x_wconf 82' lang='lat' dir='ltr'>uestras</span> 
     </span>
     <span class='ocr_line' id='line_1_16' title="bbox 463 1180 1465 1242; baseline 0.001 -16"><span class='ocrx_word' id='word_1_98' title='bbox 463 1180 661 1242; x_wconf 87' lang='lat' dir='ltr'>Semper</span> <span class='ocrx_word' id='word_1_99' title='bbox 697 1195 828 1227; x_wconf 88' lang='lat' dir='ltr'>amor</span> <span class='ocrx_word' id='word_1_100' title='bbox 862 1182 994 1228; x_wconf 91' lang='lat' dir='ltr'>sedes</span> <span class='ocrx_word' id='word_1_101' title='bbox 1030 1181 1204 1227; x_wconf 84' lang='lat' dir='ltr'>incolat</span> <span class='ocrx_word' id='word_1_102' title='bbox 1239 1181 1465 1228; x_wconf 88' lang='lat' dir='ltr'>assiduus.</span> 
     </span>
     <span class='ocr_line' id='line_1_17' title="bbox 391 1246 1535 1309; baseline 0.002 -17"><span class='ocrx_word' id='word_1_103' title='bbox 391 1246 462 1293; x_wconf 90' lang='lat' dir='ltr'>Tu</span> <span class='ocrx_word' id='word_1_104' title='bbox 497 1262 629 1305; x_wconf 89' lang='lat' dir='ltr'>uero,</span> <span class='ocrx_word' id='word_1_105' title='bbox 667 1248 843 1309; x_wconf 84' lang='lat' dir='ltr'>regina,</span> <span class='ocrx_word' id='word_1_106' title='bbox 880 1254 1019 1295; x_wconf 86' lang='lat' dir='ltr'>tuens</span> <span class='ocrx_word' id='word_1_107' title='bbox 1055 1261 1162 1294; x_wconf 88' lang='lat' dir='ltr'>cum</span> <span class='ocrx_word' id='word_1_108' title='bbox 1199 1248 1347 1294; x_wconf 88' lang='lat' dir='ltr'>sidera</span> <span class='ocrx_word' id='word_1_109' title='bbox 1383 1248 1535 1294; x_wconf 88' lang='lat' dir='ltr'>diuam</span> 
     </span>
     <span class='ocr_line' id='line_1_18' title="bbox 311 1314 1410 1372; baseline 0.002 -13"><span class='ocrx_word' id='word_1_110' title='bbox 311 1321 356 1360; x_wconf 87' lang='lat'>90</span> <span class='ocrx_word' id='word_1_111' title='bbox 466 1314 677 1361; x_wconf 87' lang='lat' dir='ltr'>Plaeabis</span> <span class='ocrx_word' id='word_1_112' title='bbox 713 1315 842 1362; x_wconf 87' lang='lat' dir='ltr'>festis</span> <span class='ocrx_word' id='word_1_113' title='bbox 876 1314 1131 1361; x_wconf 88' lang='lat' dir='ltr'>luminibus</span> <span class='ocrx_word' id='word_1_114' title='bbox 1165 1314 1410 1372; x_wconf 87' lang='lat' dir='ltr'>Venerem,</span> 
     </span>
     <span class='ocr_line' id='line_1_19' title="bbox 397 1379 1597 1443; baseline 0 -17"><span class='ocrx_word' id='word_1_115' title='bbox 397 1379 622 1441; x_wconf 84' lang='lat' dir='ltr'>Vnguinis</span> <span class='ocrx_word' id='word_1_116' title='bbox 659 1387 896 1442; x_wconf 87' lang='lat' dir='ltr'>expertem</span> <span class='ocrx_word' id='word_1_117' title='bbox 933 1396 1029 1428; x_wconf 90' lang='lat' dir='ltr'>non</span> <span class='ocrx_word' id='word_1_118' title='bbox 1066 1380 1171 1428; x_wconf 81' lang='lat' dir='ltr'>siris</span> <span class='ocrx_word' id='word_1_119' title='bbox 1208 1396 1306 1443; x_wconf 86' lang='lat' dir='ltr'>esse</span> <span class='ocrx_word' id='word_1_120' title='bbox 1342 1389 1472 1428; x_wconf 89' lang='lat' dir='ltr'>tuam</span> <span class='ocrx_word' id='word_1_121' title='bbox 1508 1394 1597 1437; x_wconf 83' lang='lat' dir='ltr'>me,</span> 
     </span>
     <span class='ocr_line' id='line_1_20' title="bbox 466 1447 1424 1508; baseline 0.001 -15"><span class='ocrx_word' id='word_1_122' title='bbox 466 1447 557 1493; x_wconf 87' lang='lat' dir='ltr'>Sed</span> <span class='ocrx_word' id='word_1_123' title='bbox 593 1448 751 1508; x_wconf 85' lang='lat' dir='ltr'>potius</span> <span class='ocrx_word' id='word_1_124' title='bbox 786 1448 926 1508; x_wconf 87' lang='lat' dir='ltr'>largis</span> <span class='ocrx_word' id='word_1_125' title='bbox 962 1449 1098 1494; x_wconf 83' lang='lat' dir='ltr'>affice</span> <span class='ocrx_word' id='word_1_126' title='bbox 1134 1447 1424 1495; x_wconf 87' lang='lat' dir='ltr'>muneribus.</span> 
     </span>
     <span class='ocr_line' id='line_1_21' title="bbox 390 1513 1585 1575; baseline 0 -16"><span class='ocrx_word' id='word_1_127' title='bbox 390 1513 551 1560; x_wconf 83' lang='lat' dir='ltr'>Sidera</span> <span class='ocrx_word' id='word_1_128' title='bbox 587 1518 854 1561; x_wconf 80' lang='lat' dir='ltr'>corruerint</span> <span class='ocrx_word' id='word_1_129' title='bbox 888 1514 1090 1561; x_wconf 69' lang='lat' dir='ltr'>utinam!</span> <span class='ocrx_word' id='word_1_130' title='bbox 1128 1528 1258 1561; x_wconf 87' lang='lat' dir='ltr'>coma</span> <span class='ocrx_word' id='word_1_131' title='bbox 1295 1514 1423 1575; x_wconf 84' lang='lat' dir='ltr'>regia</span> <span class='ocrx_word' id='word_1_132' title='bbox 1457 1514 1585 1560; x_wconf 86' lang='lat' dir='ltr'>fiam:</span> 
     </span>
     <span class='ocr_line' id='line_1_22' title="bbox 464 1580 1458 1643; baseline -0.001 -16"><span class='ocrx_word' id='word_1_133' title='bbox 464 1580 710 1628; x_wconf 88' lang='lat' dir='ltr'>Proximus</span> <span class='ocrx_word' id='word_1_134' title='bbox 743 1581 999 1643; x_wconf 81' lang='lat' dir='ltr'>hydrochoi</span> <span class='ocrx_word' id='word_1_135' title='bbox 1035 1581 1235 1642; x_wconf 85' lang='lat' dir='ltr'>fulgeret</span> <span class='ocrx_word' id='word_1_136' title='bbox 1270 1581 1458 1628; x_wconf 86' lang='lat' dir='ltr'>Oarion.</span> 
     </span>
    </p>
   </div>
   <div class='ocr_carea' id='block_1_3' title="bbox 186 1922 506 1929">
    <p class='ocr_par' dir='ltr' id='par_1_3' title="bbox 186 1922 506 1929">
     <span class='ocr_line' id='line_1_23' title="bbox 186 1922 506 1929; baseline 0 1443"><span class='ocrx_word' id='word_1_137' title='bbox 186 1922 506 1929; x_wconf 95' lang='lat' dir='ltr'> </span> 
     </span>
    </p>
   </div>
   <div class='ocr_carea' id='block_1_4' title="bbox 184 1985 1883 2995">
    <p class='ocr_par' dir='ltr' id='par_1_4' title="bbox 184 1985 1883 2995">
     <span class='ocr_line' id='line_1_24' title="bbox 323 1985 1880 2043; baseline -0.001 -17"><span class='ocrx_word' id='word_1_138' title='bbox 323 1989 374 2027; x_wconf 81' lang='grc'>74</span> <span class='ocrx_word' id='word_1_139' title='bbox 403 1987 569 2028; x_wconf 88' lang='lat' dir='ltr'>Gandita</span> <span class='ocrx_word' id='word_1_140' title='bbox 607 1988 665 2028; x_wconf 90' lang='lat' dir='ltr'>G*</span> <span class='ocrx_word' id='word_1_141' title='bbox 704 1988 719 2040; x_wconf 99' lang='grc' dir='ltr'>Η</span> <span class='ocrx_word' id='word_1_142' title='bbox 760 1990 828 2041; x_wconf 89' lang='lat' dir='ltr'>qui</span> <span class='ocrx_word' id='word_1_143' title='bbox 859 1990 897 2029; x_wconf 92' lang='lat' dir='ltr'><em>V</em></span> <span class='ocrx_word' id='word_1_144' title='bbox 935 1989 950 2043; x_wconf 98' lang='grc' dir='ltr'>Η</span> <span class='ocrx_word' id='word_1_145' title='bbox 991 1990 1101 2029; x_wconf 87' lang='lat' dir='ltr'>uerei</span> <span class='ocrx_word' id='word_1_146' title='bbox 1132 1989 1449 2029; x_wconf 69' lang='lat' dir='ltr'>Lachmannus:</span> <span class='ocrx_word' id='word_1_147' title='bbox 1489 1999 1584 2028; x_wconf 87' lang='lat' dir='ltr'>uere</span> <span class='ocrx_word' id='word_1_148' title='bbox 1613 1987 1658 2028; x_wconf 93' lang='lat' dir='ltr'><em>V</em></span> <span class='ocrx_word' id='word_1_149' title='bbox 1686 1987 1772 2027; x_wconf 89' lang='lat' dir='ltr'>ueri</span> <span class='ocrx_word' id='word_1_150' title='bbox 1801 2001 1836 2026; x_wconf 84' lang='grc' dir='ltr'><em>ω</em></span> <span class='ocrx_word' id='word_1_151' title='bbox 1863 1985 1880 2039; x_wconf 98' lang='grc' dir='ltr'>Η</span> 
     </span>
     <span class='ocr_line' id='line_1_25' title="bbox 187 2039 1877 2095; baseline 0 -16"><span class='ocrx_word' id='word_1_152' title='bbox 187 2040 332 2080; x_wconf 88' lang='lat' dir='ltr'>euolue</span> <span class='ocrx_word' id='word_1_153' title='bbox 363 2040 407 2079; x_wconf 94' lang='lat' dir='ltr'><em>V</em></span> <span class='ocrx_word' id='word_1_154' title='bbox 428 2040 444 2087; x_wconf 86' lang='grc' dir='ltr'>ΙΙ</span> <span class='ocrx_word' id='word_1_155' title='bbox 472 2044 522 2081; x_wconf 88' lang='grc'>75</span> <span class='ocrx_word' id='word_1_156' title='bbox 551 2041 628 2081; x_wconf 89' lang='lat' dir='ltr'>hiis</span> <span class='ocrx_word' id='word_1_157' title='bbox 661 2042 714 2080; x_wconf 76' lang='lat'>0*</span> <span class='ocrx_word' id='word_1_158' title='bbox 742 2041 756 2094; x_wconf 98' lang='grc' dir='ltr'>Η</span> <span class='ocrx_word' id='word_1_159' title='bbox 784 2042 907 2082; x_wconf 81' lang='lat' dir='ltr'>affore</span> <span class='ocrx_word' id='word_1_160' title='bbox 937 2043 982 2082; x_wconf 94' lang='lat' dir='ltr'><em>V</em></span> <span class='ocrx_word' id='word_1_161' title='bbox 1001 2041 1016 2095; x_wconf 97' lang='grc' dir='ltr'>Η</span> <span class='ocrx_word' id='word_1_162' title='bbox 1045 2045 1094 2083; x_wconf 89' lang='grc'>76</span> <span class='ocrx_word' id='word_1_163' title='bbox 1123 2042 1260 2082; x_wconf 86' lang='lat' dir='ltr'>Affore</span> <span class='ocrx_word' id='word_1_164' title='bbox 1289 2042 1329 2083; x_wconf 92' lang='lat' dir='ltr'><em>V</em></span> <span class='ocrx_word' id='word_1_165' title='bbox 1353 2041 1368 2095; x_wconf 98' lang='grc' dir='ltr'>Η</span> <span class='ocrx_word' id='word_1_166' title='bbox 1395 2041 1607 2081; x_wconf 83' lang='lat' dir='ltr'>discrutior</span> <span class='ocrx_word' id='word_1_167' title='bbox 1628 2039 1705 2093; x_wconf 75' lang='lat' dir='ltr'>Vl}</span> <span class='ocrx_word' id='word_1_168' title='bbox 1734 2042 1796 2080; x_wconf 90' lang='lat'>77.</span> <span class='ocrx_word' id='word_1_169' title='bbox 1826 2041 1877 2080; x_wconf 91' lang='lat'>78</span> 
     </span>
     <span class='ocr_line' id='line_1_26' title="bbox 187 2094 1877 2148; baseline 0 -16"><span class='ocrx_word' id='word_1_170' title='bbox 187 2094 302 2133; x_wconf 75' lang='lat' dir='ltr'>loeus</span> <span class='ocrx_word' id='word_1_171' title='bbox 329 2095 516 2133; x_wconf 79' lang='lat' dir='ltr'>nondum</span> <span class='ocrx_word' id='word_1_172' title='bbox 545 2096 765 2145; x_wconf 76' lang='lat' dir='ltr'>eoepeditus</span> <span class='ocrx_word' id='word_1_173' title='bbox 805 2095 818 2148; x_wconf 99' lang='grc' dir='ltr'>Η</span> <span class='ocrx_word' id='word_1_174' title='bbox 862 2098 911 2135; x_wconf 88' lang='grc'>77</span> <span class='ocrx_word' id='word_1_175' title='bbox 942 2095 1017 2142; x_wconf 82' lang='lat' dir='ltr'>Qui</span> <span class='ocrx_word' id='word_1_176' title='bbox 1046 2108 1135 2135; x_wconf 86' lang='lat' dir='ltr'>eum</span> <span class='ocrx_word' id='word_1_177' title='bbox 1165 2095 1209 2136; x_wconf 93' lang='lat' dir='ltr'><em>V</em></span> <span class='ocrx_word' id='word_1_178' title='bbox 1243 2095 1256 2148; x_wconf 99' lang='grc' dir='ltr'>Η</span> <span class='ocrx_word' id='word_1_179' title='bbox 1296 2095 1489 2148; x_wconf 86' lang='lat' dir='ltr'>Hymenis</span> <span class='ocrx_word' id='word_1_180' title='bbox 1524 2106 1666 2145; x_wconf 84' lang='lat' dir='ltr'>expers</span> <span class='ocrx_word' id='word_1_181' title='bbox 1694 2094 1877 2133; x_wconf 75' lang='lat' dir='ltr'>Esehen-</span> 
     </span>
     <span class='ocr_line' id='line_1_27' title="bbox 186 2146 1878 2200; baseline -0.001 -14"><span class='ocrx_word' id='word_1_182' title='bbox 186 2149 378 2197; x_wconf 72' lang='lat' dir='ltr'>hur-gius,</span> <span class='ocrx_word' id='word_1_183' title='bbox 410 2147 766 2188; x_wconf 75' lang='lat' dir='ltr'>Wilamowitzius</span> <span class='ocrx_word' id='word_1_184' title='bbox 793 2149 938 2188; x_wconf 90' lang='lat' dir='ltr'>ominis</span> <span class='ocrx_word' id='word_1_185' title='bbox 978 2161 1121 2200; x_wconf 87' lang='lat' dir='ltr'>expers</span> <span class='ocrx_word' id='word_1_186' title='bbox 1149 2150 1341 2188; x_wconf 70' lang='lat' dir='ltr'>Aur-atus</span> <span class='ocrx_word' id='word_1_187' title='bbox 1378 2159 1545 2199; x_wconf 85' lang='lat' dir='ltr'>expersa</span> <span class='ocrx_word' id='word_1_188' title='bbox 1578 2148 1775 2186; x_wconf 56' lang='lat' dir='ltr'>Heinsius</span> <span class='ocrx_word' id='word_1_189' title='bbox 1808 2146 1878 2185; x_wconf 83' lang='lat' dir='ltr'>ad-</span> 
     </span>
     <span class='ocr_line' id='line_1_28' title="bbox 186 2198 1875 2253; baseline 0 -14"><span class='ocrx_word' id='word_1_190' title='bbox 186 2211 325 2250; x_wconf 86' lang='lat' dir='ltr'>spersa</span> <span class='ocrx_word' id='word_1_191' title='bbox 344 2200 570 2240; x_wconf 72' lang='lat' dir='ltr'>Mar-cilius</span> <span class='ocrx_word' id='word_1_192' title='bbox 599 2202 786 2241; x_wconf 89' lang='lat' dir='ltr'>omnibus</span> <span class='ocrx_word' id='word_1_193' title='bbox 816 2214 959 2253; x_wconf 86' lang='lat' dir='ltr'>expers</span> <span class='ocrx_word' id='word_1_194' title='bbox 980 2202 1219 2252; x_wconf 86' lang='lat' dir='ltr'>Vnguentis,</span> <span class='ocrx_word' id='word_1_195' title='bbox 1247 2214 1404 2242; x_wconf 88' lang='lat' dir='ltr'>murrae</span> <span class='ocrx_word' id='word_1_196' title='bbox 1425 2201 1598 2241; x_wconf 73' lang='lat' dir='ltr'>Vossius</span> <span class='ocrx_word' id='word_1_197' title='bbox 1624 2201 1739 2251; x_wconf 81' lang='lat' dir='ltr'>uirgo</span> <span class='ocrx_word' id='word_1_198' title='bbox 1768 2198 1875 2239; x_wconf 86' lang='lat' dir='ltr'>curis</span> 
     </span>
     <span class='ocr_line' id='line_1_29' title="bbox 185 2251 1877 2309; baseline -0.001 -17"><span class='ocrx_word' id='word_1_199' title='bbox 185 2253 262 2293; x_wconf 84' lang='lat' dir='ltr'>fuit</span> <span class='ocrx_word' id='word_1_200' title='bbox 292 2254 478 2294; x_wconf 90' lang='lat' dir='ltr'>omnibus</span> <span class='ocrx_word' id='word_1_201' title='bbox 507 2266 650 2305; x_wconf 88' lang='lat' dir='ltr'>expers</span> <span class='ocrx_word' id='word_1_202' title='bbox 677 2255 780 2294; x_wconf 79' lang='lat' dir='ltr'><em>Luc.</em></span> <span class='ocrx_word' id='word_1_203' title='bbox 800 2256 977 2295; x_wconf 82' lang='lat' dir='ltr'>Mueller</span> <span class='ocrx_word' id='word_1_204' title='bbox 1004 2255 1018 2309; x_wconf 99' lang='grc' dir='ltr'>Η</span> <span class='ocrx_word' id='word_1_205' title='bbox 1047 2257 1096 2296; x_wconf 88' lang='grc'>78</span> <span class='ocrx_word' id='word_1_206' title='bbox 1117 2255 1293 2306; x_wconf 81' lang='lat' dir='ltr'>Vngenti</span> <span class='ocrx_word' id='word_1_207' title='bbox 1321 2255 1418 2295; x_wconf 89' lang='lat' dir='ltr'>surii</span> <span class='ocrx_word' id='word_1_208' title='bbox 1437 2255 1697 2294; x_wconf 66' lang='lat' dir='ltr'>Passeratius</span> <span class='ocrx_word' id='word_1_209' title='bbox 1723 2252 1739 2306; x_wconf 98' lang='grc' dir='ltr'>Η</span> <span class='ocrx_word' id='word_1_210' title='bbox 1764 2251 1877 2292; x_wconf 84' lang='lat' dir='ltr'>milia</span> 
     </span>
     <span class='ocr_line' id='line_1_30' title="bbox 188 2305 1883 2361; baseline -0.001 -16"><span class='ocrx_word' id='word_1_211' title='bbox 188 2306 246 2345; x_wconf 89' lang='grc'>0.·</span> <span class='ocrx_word' id='word_1_212' title='bbox 274 2307 400 2347; x_wconf 88' lang='lat' dir='ltr'>millia</span> <span class='ocrx_word' id='word_1_213' title='bbox 431 2307 465 2347; x_wconf 86' lang='lat' dir='ltr'><strong><em>G</em></strong></span> <span class='ocrx_word' id='word_1_214' title='bbox 505 2307 521 2361; x_wconf 96' lang='grc' dir='ltr'>Η</span> <span class='ocrx_word' id='word_1_215' title='bbox 564 2310 613 2348; x_wconf 89' lang='grc'>79</span> <span class='ocrx_word' id='word_1_216' title='bbox 644 2321 766 2360; x_wconf 91' lang='lat' dir='ltr'>quum</span> <span class='ocrx_word' id='word_1_217' title='bbox 798 2309 1057 2348; x_wconf 66' lang='lat' dir='ltr'>Cor-rudinus</span> <span class='ocrx_word' id='word_1_218' title='bbox 1085 2310 1136 2348; x_wconf 86' lang='lat' dir='ltr'>de</span> <span class='ocrx_word' id='word_1_219' title='bbox 1162 2310 1300 2348; x_wconf 74' lang='lat' dir='ltr'>Anio.-</span> <span class='ocrx_word' id='word_1_220' title='bbox 1336 2320 1456 2360; x_wconf 87' lang='lat' dir='ltr'>quem</span> <span class='ocrx_word' id='word_1_221' title='bbox 1485 2308 1530 2348; x_wconf 94' lang='lat' dir='ltr'><em>V</em></span> <span class='ocrx_word' id='word_1_222' title='bbox 1558 2319 1659 2359; x_wconf 84' lang='lat' dir='ltr'>quas</span> <span class='ocrx_word' id='word_1_223' title='bbox 1688 2321 1726 2347; x_wconf 84' lang='grc' dir='ltr'><strong><em>ω</em></strong></span> <span class='ocrx_word' id='word_1_224' title='bbox 1759 2305 1883 2358; x_wconf 87' lang='lat' dir='ltr'>queis-</span> 
     </span>
     <span class='ocr_line' id='line_1_31' title="bbox 186 2358 1879 2416; baseline -0.001 -17"><span class='ocrx_word' id='word_1_225' title='bbox 186 2359 350 2399; x_wconf 78' lang='lat' dir='ltr'>Statius</span> <span class='ocrx_word' id='word_1_226' title='bbox 380 2373 499 2413; x_wconf 88' lang='lat' dir='ltr'>quam</span> <span class='ocrx_word' id='word_1_227' title='bbox 532 2376 567 2400; x_wconf 86' lang='grc' dir='ltr'><em>ω</em></span> <span class='ocrx_word' id='word_1_228' title='bbox 597 2374 677 2413; x_wconf 86' lang='lat' dir='ltr'>quo</span> <span class='ocrx_word' id='word_1_229' title='bbox 710 2363 922 2402; x_wconf 76' lang='lat' dir='ltr'>Vahlenus</span> <span class='ocrx_word' id='word_1_230' title='bbox 948 2362 963 2416; x_wconf 97' lang='grc' dir='ltr'>Η</span> <span class='ocrx_word' id='word_1_231' title='bbox 992 2365 1040 2404; x_wconf 88' lang='grc'>80</span> <span class='ocrx_word' id='word_1_232' title='bbox 1071 2363 1180 2413; x_wconf 90' lang='lat' dir='ltr'>prius</span> <span class='ocrx_word' id='word_1_233' title='bbox 1211 2376 1272 2401; x_wconf 82' lang='lat' dir='ltr'><em>co.-</em></span> <span class='ocrx_word' id='word_1_234' title='bbox 1300 2365 1395 2413; x_wconf 88' lang='lat' dir='ltr'>post</span> <span class='ocrx_word' id='word_1_235' title='bbox 1423 2362 1462 2401; x_wconf 92' lang='lat' dir='ltr'><em>V</em></span> <span class='ocrx_word' id='word_1_236' title='bbox 1495 2360 1510 2414; x_wconf 98' lang='grc' dir='ltr'>Η</span> <span class='ocrx_word' id='word_1_237' title='bbox 1543 2373 1623 2401; x_wconf 89' lang='lat' dir='ltr'>uno</span> <span class='ocrx_word' id='word_1_238' title='bbox 1652 2360 1809 2400; x_wconf 86' lang='lat' dir='ltr'>animus</span> <span class='ocrx_word' id='word_1_239' title='bbox 1837 2358 1879 2398; x_wconf 91' lang='lat' dir='ltr'><em>V</em></span> 
     </span>
     <span class='ocr_line' id='line_1_32' title="bbox 184 2413 1876 2469; baseline -0.001 -17"><span class='ocrx_word' id='word_1_240' title='bbox 184 2414 410 2454; x_wconf 85' lang='lat' dir='ltr'>unanimeis</span> <span class='ocrx_word' id='word_1_241' title='bbox 428 2416 711 2455; x_wconf 68' lang='lat' dir='ltr'>Baehrensius</span> <span class='ocrx_word' id='word_1_242' title='bbox 728 2414 743 2468; x_wconf 98' lang='grc' dir='ltr'>Η</span> <span class='ocrx_word' id='word_1_243' title='bbox 763 2417 809 2455; x_wconf 88' lang='grc'>81</span> <span class='ocrx_word' id='word_1_244' title='bbox 835 2419 984 2456; x_wconf 86' lang='lat' dir='ltr'>retecta</span> <span class='ocrx_word' id='word_1_245' title='bbox 1008 2418 1053 2456; x_wconf 96' lang='lat' dir='ltr'><em>V</em></span> <span class='ocrx_word' id='word_1_246' title='bbox 1067 2414 1080 2469; x_wconf 97' lang='grc' dir='ltr'>Η</span> <span class='ocrx_word' id='word_1_247' title='bbox 1110 2418 1160 2456; x_wconf 84' lang='grc'>82</span> <span class='ocrx_word' id='word_1_248' title='bbox 1181 2418 1246 2465; x_wconf 91' lang='grc'>(80</span> <span class='ocrx_word' id='word_1_249' title='bbox 1267 2428 1348 2455; x_wconf 91' lang='lat' dir='ltr'>non</span> <span class='ocrx_word' id='word_1_250' title='bbox 1367 2417 1461 2466; x_wconf 84' lang='lat' dir='ltr'>post</span> <span class='ocrx_word' id='word_1_251' title='bbox 1473 2416 1540 2463; x_wconf 93' lang='lat'>--)</span> <span class='ocrx_word' id='word_1_252' title='bbox 1560 2413 1662 2460; x_wconf 83' lang='lat' dir='ltr'>Quin</span> <span class='ocrx_word' id='word_1_253' title='bbox 1681 2414 1876 2454; x_wconf 67' lang='lat' dir='ltr'>Fussius.</span> 
     </span>
     <span class='ocr_line' id='line_1_33' title="bbox 185 2463 1878 2523; baseline 0 -18"><span class='ocrx_word' id='word_1_254' title='bbox 185 2466 242 2513; x_wconf 81' lang='lat' dir='ltr'>el&#39;.</span> <span class='ocrx_word' id='word_1_255' title='bbox 273 2467 432 2508; x_wconf 77' lang='lat' dir='ltr'>Gallim.</span> <span class='ocrx_word' id='word_1_256' title='bbox 460 2467 617 2519; x_wconf 77' lang='lat' dir='ltr'>fragm.</span> <span class='ocrx_word' id='word_1_257' title='bbox 645 2468 722 2510; x_wconf 72' lang='lat'>55⁶2</span> <span class='ocrx_word' id='word_1_258' title='bbox 757 2472 862 2522; x_wconf 80' lang='grc' dir='ltr'><strong><em>πρὶν</em></strong></span> <span class='ocrx_word' id='word_1_259' title='bbox 899 2468 1047 2522; x_wconf 76' lang='grc' dir='ltr'><em>ἀστέρι</em></span> <span class='ocrx_word' id='word_1_260' title='bbox 1082 2469 1147 2520; x_wconf 73' lang='grc' dir='ltr'>τῷ</span> <span class='ocrx_word' id='word_1_261' title='bbox 1182 2472 1408 2523; x_wconf 76' lang='grc' dir='ltr'><strong><em>Βερενίκης</em></strong></span> <span class='ocrx_word' id='word_1_262' title='bbox 1446 2466 1460 2521; x_wconf 97' lang='grc' dir='ltr'>Η</span> <span class='ocrx_word' id='word_1_263' title='bbox 1503 2470 1566 2508; x_wconf 83' lang='grc'>82.</span> <span class='ocrx_word' id='word_1_264' title='bbox 1596 2469 1646 2508; x_wconf 88' lang='grc'>83</span> <span class='ocrx_word' id='word_1_265' title='bbox 1675 2466 1770 2507; x_wconf 87' lang='lat' dir='ltr'>onix</span> <span class='ocrx_word' id='word_1_266' title='bbox 1797 2465 1843 2505; x_wconf 92' lang='lat' dir='ltr'><em>V</em></span> <span class='ocrx_word' id='word_1_267' title='bbox 1861 2463 1878 2517; x_wconf 97' lang='grc' dir='ltr'>Η</span> 
     </span>
     <span class='ocr_line' id='line_1_34' title="bbox 187 2518 1874 2574; baseline -0.002 -14"><span class='ocrx_word' id='word_1_268' title='bbox 187 2522 237 2574; x_wconf 83' lang='grc'>83</span> <span class='ocrx_word' id='word_1_269' title='bbox 268 2521 401 2561; x_wconf 86' lang='lat' dir='ltr'>colitis</span> <span class='ocrx_word' id='word_1_270' title='bbox 431 2522 471 2562; x_wconf 91' lang='lat' dir='ltr'><em>V</em></span> <span class='ocrx_word' id='word_1_271' title='bbox 497 2524 549 2570; x_wconf 94' lang='lat' dir='ltr'>[P</span> <span class='ocrx_word' id='word_1_272' title='bbox 569 2523 719 2562; x_wconf 74' lang='lat' dir='ltr'>Dresd.</span> <span class='ocrx_word' id='word_1_273' title='bbox 748 2523 867 2562; x_wconf 81' lang='lat' dir='ltr'>Harl.</span> <span class='ocrx_word' id='word_1_274' title='bbox 895 2523 1017 2570; x_wconf 76' lang='lat'><strong><em>2574,</em></strong></span> <span class='ocrx_word' id='word_1_275' title='bbox 1048 2523 1240 2574; x_wconf 86' lang='lat' dir='ltr'>quaeritis</span> <span class='ocrx_word' id='word_1_276' title='bbox 1268 2526 1307 2561; x_wconf 81' lang='lat' dir='ltr'>et</span> <span class='ocrx_word' id='word_1_277' title='bbox 1334 2525 1380 2561; x_wconf 81' lang='lat' dir='ltr'>in</span> <span class='ocrx_word' id='word_1_278' title='bbox 1407 2533 1545 2571; x_wconf 83' lang='lat' dir='ltr'>marg.</span> <span class='ocrx_word' id='word_1_279' title='bbox 1573 2522 1615 2560; x_wconf 77' lang='lat' dir='ltr'>ai</span> <span class='ocrx_word' id='word_1_280' title='bbox 1643 2519 1775 2560; x_wconf 87' lang='lat' dir='ltr'>colitis</span> <span class='ocrx_word' id='word_1_281' title='bbox 1802 2518 1874 2567; x_wconf 87' lang='lat' dir='ltr'>L]:</span> 
     </span>
     <span class='ocr_line' id='line_1_35' title="bbox 185 2571 1872 2626; baseline -0.002 -14"><span class='ocrx_word' id='word_1_282' title='bbox 185 2574 368 2624; x_wconf 89' lang='lat' dir='ltr'>[queritis</span> <span class='ocrx_word' id='word_1_283' title='bbox 397 2575 552 2615; x_wconf 86' lang='lat' dir='ltr'><em>BCHA</em></span> <span class='ocrx_word' id='word_1_284' title='bbox 581 2576 713 2617; x_wconf 78' lang='lat' dir='ltr'>Laur.</span> <span class='ocrx_word' id='word_1_285' title='bbox 742 2577 814 2624; x_wconf 77' lang='lat'>53,</span> <span class='ocrx_word' id='word_1_286' title='bbox 842 2576 905 2626; x_wconf 74' lang='lat'>12,</span> <span class='ocrx_word' id='word_1_287' title='bbox 936 2589 1076 2615; x_wconf 76' lang='lat' dir='ltr'>omnes</span> <span class='ocrx_word' id='word_1_288' title='bbox 1105 2576 1246 2625; x_wconf 77' lang='lat' dir='ltr'>Statii,</span> <span class='ocrx_word' id='word_1_289' title='bbox 1268 2576 1462 2626; x_wconf 82' lang='lat' dir='ltr'>plerique</span> <span class='ocrx_word' id='word_1_290' title='bbox 1490 2574 1648 2622; x_wconf 75' lang='lat' dir='ltr'>Vossii‚</span> <span class='ocrx_word' id='word_1_291' title='bbox 1677 2571 1813 2624; x_wconf 83' lang='lat' dir='ltr'>petitis</span> <span class='ocrx_word' id='word_1_292' title='bbox 1830 2571 1872 2609; x_wconf 89' lang='lat' dir='ltr'><em>D</em></span> 
     </span>
     <span class='ocr_line' id='line_1_36' title="bbox 188 2625 1874 2673; baseline -0.001 -8"><span class='ocrx_word' id='word_1_293' title='bbox 188 2627 330 2668; x_wconf 77' lang='lat' dir='ltr'>Ouiae.</span> <span class='ocrx_word' id='word_1_294' title='bbox 359 2628 558 2671; x_wconf 78' lang='lat' dir='ltr'>Britann.</span> <span class='ocrx_word' id='word_1_295' title='bbox 584 2630 720 2669; x_wconf 76' lang='lat'><strong><em>44674.</em></strong></span> <span class='ocrx_word' id='word_1_296' title='bbox 748 2629 873 2669; x_wconf 75' lang='lat'><em>44945</em></span> <span class='ocrx_word' id='word_1_297' title='bbox 901 2630 1034 2670; x_wconf 78' lang='lat' dir='ltr'>Burn.</span> <span class='ocrx_word' id='word_1_298' title='bbox 1054 2630 1136 2670; x_wconf 71' lang='lat'>455</span> <span class='ocrx_word' id='word_1_299' title='bbox 1162 2631 1297 2669; x_wconf 76' lang='lat' dir='ltr'>Paris.</span> <span class='ocrx_word' id='word_1_300' title='bbox 1327 2630 1439 2668; x_wconf 85' lang='lat'><strong>7990.</strong></span> <span class='ocrx_word' id='word_1_301' title='bbox 1469 2628 1593 2668; x_wconf 77' lang='lat'><strong><em>8232.</em></strong></span> <span class='ocrx_word' id='word_1_302' title='bbox 1620 2627 1741 2673; x_wconf 71' lang='lat'>8256,</span> <span class='ocrx_word' id='word_1_303' title='bbox 1771 2625 1874 2665; x_wconf 87' lang='lat' dir='ltr'>olim</span> 
     </span>
     <span class='ocr_line' id='line_1_37' title="bbox 184 2677 1876 2734; baseline -0.001 -16"><span class='ocrx_word' id='word_1_304' title='bbox 184 2681 330 2730; x_wconf 81' lang='lat' dir='ltr'>uulgo]</span> <span class='ocrx_word' id='word_1_305' title='bbox 360 2680 374 2734; x_wconf 96' lang='grc' dir='ltr'>Η</span> <span class='ocrx_word' id='word_1_306' title='bbox 403 2683 454 2723; x_wconf 87' lang='lat'>85</span> <span class='ocrx_word' id='word_1_307' title='bbox 484 2682 612 2722; x_wconf 88' lang='lat' dir='ltr'>amala</span> <span class='ocrx_word' id='word_1_308' title='bbox 642 2683 744 2722; x_wconf 88' lang='lat' dir='ltr'>leuis</span> <span class='ocrx_word' id='word_1_309' title='bbox 773 2683 885 2722; x_wconf 88' lang='lat' dir='ltr'>bibat</span> <span class='ocrx_word' id='word_1_310' title='bbox 913 2682 1018 2722; x_wconf 86' lang='lat' dir='ltr'>dona</span> <span class='ocrx_word' id='word_1_311' title='bbox 1047 2683 1159 2722; x_wconf 88' lang='lat' dir='ltr'>irrita</span> <span class='ocrx_word' id='word_1_312' title='bbox 1189 2683 1305 2731; x_wconf 89' lang='lat' dir='ltr'>(inita</span> <span class='ocrx_word' id='word_1_313' title='bbox 1335 2680 1406 2732; x_wconf 56' lang='grc' dir='ltr'>θ’)</span> <span class='ocrx_word' id='word_1_314' title='bbox 1435 2681 1478 2721; x_wconf 94' lang='lat' dir='ltr'><em>V</em></span> <span class='ocrx_word' id='word_1_315' title='bbox 1498 2679 1512 2733; x_wconf 98' lang='grc' dir='ltr'>Η</span> <span class='ocrx_word' id='word_1_316' title='bbox 1540 2681 1591 2720; x_wconf 88' lang='grc'>86</span> <span class='ocrx_word' id='word_1_317' title='bbox 1619 2679 1808 2731; x_wconf 79' lang='lat' dir='ltr'>indigetis</span> <span class='ocrx_word' id='word_1_318' title='bbox 1838 2677 1876 2717; x_wconf 87' lang='lat' dir='ltr'>G-</span> 
     </span>
     <span class='ocr_line' id='line_1_38' title="bbox 184 2731 1874 2789; baseline 0 -18"><span class='ocrx_word' id='word_1_319' title='bbox 184 2733 402 2784; x_wconf 86' lang='lat' dir='ltr'>indignatis</span> <span class='ocrx_word' id='word_1_320' title='bbox 436 2735 493 2774; x_wconf 90' lang='lat'>0*</span> <span class='ocrx_word' id='word_1_321' title='bbox 520 2735 534 2789; x_wconf 98' lang='grc' dir='ltr'>Η</span> <span class='ocrx_word' id='word_1_322' title='bbox 563 2738 611 2777; x_wconf 89' lang='grc'>87</span> <span class='ocrx_word' id='word_1_323' title='bbox 644 2736 710 2776; x_wconf 81' lang='lat' dir='ltr'>Sic</span> <span class='ocrx_word' id='word_1_324' title='bbox 740 2750 776 2775; x_wconf 83' lang='grc' dir='ltr'><strong><em>ω</em></strong></span> <span class='ocrx_word' id='word_1_325' title='bbox 795 2735 810 2788; x_wconf 95' lang='grc' dir='ltr'>Η</span> <span class='ocrx_word' id='word_1_326' title='bbox 837 2740 994 2776; x_wconf 87' lang='lat' dir='ltr'>nostras</span> <span class='ocrx_word' id='word_1_327' title='bbox 1015 2736 1054 2776; x_wconf 92' lang='lat' dir='ltr'><em>V</em></span> <span class='ocrx_word' id='word_1_328' title='bbox 1071 2735 1086 2789; x_wconf 99' lang='grc' dir='ltr'>Η</span> <span class='ocrx_word' id='word_1_329' title='bbox 1105 2738 1154 2777; x_wconf 85' lang='grc'>91</span> <span class='ocrx_word' id='word_1_330' title='bbox 1178 2735 1374 2786; x_wconf 79' lang='lat' dir='ltr'>Vnguinis</span> <span class='ocrx_word' id='word_1_331' title='bbox 1393 2735 1627 2774; x_wconf 72' lang='lat' dir='ltr'>Bentleius:</span> <span class='ocrx_word' id='word_1_332' title='bbox 1657 2731 1874 2784; x_wconf 77' lang='lat' dir='ltr'>Sanguinis</span> 
     </span>
     <span class='ocr_line' id='line_1_39' title="bbox 188 2786 1875 2842; baseline -0.001 -17"><span class='ocrx_word' id='word_1_333' title='bbox 188 2786 232 2825; x_wconf 93' lang='lat' dir='ltr'><em>V</em></span> <span class='ocrx_word' id='word_1_334' title='bbox 252 2786 267 2839; x_wconf 96' lang='grc' dir='ltr'>Η</span> <span class='ocrx_word' id='word_1_335' title='bbox 295 2791 390 2837; x_wconf 91' lang='lat' dir='ltr'>non]</span> <span class='ocrx_word' id='word_1_336' title='bbox 420 2801 470 2829; x_wconf 89' lang='lat' dir='ltr'>ne</span> <span class='ocrx_word' id='word_1_337' title='bbox 499 2791 694 2840; x_wconf 67' lang='lat' dir='ltr'>Scaliger</span> <span class='ocrx_word' id='word_1_338' title='bbox 732 2787 747 2842; x_wconf 97' lang='grc' dir='ltr'>Η</span> <span class='ocrx_word' id='word_1_339' title='bbox 789 2789 877 2828; x_wconf 89' lang='lat' dir='ltr'>siris</span> <span class='ocrx_word' id='word_1_340' title='bbox 906 2789 1203 2828; x_wconf 75' lang='lat' dir='ltr'>Lachmannus</span> <span class='ocrx_word' id='word_1_341' title='bbox 1238 2790 1307 2839; x_wconf 73' lang='lat' dir='ltr'>(ex</span> <span class='ocrx_word' id='word_1_342' title='bbox 1335 2788 1547 2837; x_wconf 69' lang='lat' dir='ltr'>Scaliger-i</span> <span class='ocrx_word' id='word_1_343' title='bbox 1573 2786 1750 2836; x_wconf 83' lang='lat' dir='ltr'>sineris):</span> <span class='ocrx_word' id='word_1_344' title='bbox 1791 2787 1875 2824; x_wconf 68' lang='lat' dir='ltr'>uris</span> 
     </span>
     <span class='ocr_line' id='line_1_40' title="bbox 185 2837 1871 2899; baseline -0.003 -20"><span class='ocrx_word' id='word_1_345' title='bbox 185 2841 252 2889; x_wconf 91' lang='lat'>(=</span> <span class='ocrx_word' id='word_1_346' title='bbox 273 2842 435 2891; x_wconf 86' lang='lat' dir='ltr'>uestris)</span> <span class='ocrx_word' id='word_1_347' title='bbox 457 2843 500 2881; x_wconf 92' lang='lat' dir='ltr'>V</span> <span class='ocrx_word' id='word_1_348' title='bbox 512 2842 526 2895; x_wconf 98' lang='grc' dir='ltr'>Η</span> <span class='ocrx_word' id='word_1_349' title='bbox 546 2847 658 2883; x_wconf 84' lang='lat' dir='ltr'>tuum</span> <span class='ocrx_word' id='word_1_350' title='bbox 683 2844 728 2883; x_wconf 93' lang='lat' dir='ltr'>V</span> <span class='ocrx_word' id='word_1_351' title='bbox 737 2842 752 2896; x_wconf 97' lang='grc' dir='ltr'>Η</span> <span class='ocrx_word' id='word_1_352' title='bbox 771 2845 822 2882; x_wconf 83' lang='lat'>92</span> <span class='ocrx_word' id='word_1_353' title='bbox 843 2842 984 2893; x_wconf 86' lang='lat' dir='ltr'>pocius</span> <span class='ocrx_word' id='word_1_354' title='bbox 1014 2843 1055 2883; x_wconf 94' lang='lat' dir='ltr'>V</span> <span class='ocrx_word' id='word_1_355' title='bbox 1078 2842 1092 2896; x_wconf 98' lang='grc' dir='ltr'>Η</span> <span class='ocrx_word' id='word_1_356' title='bbox 1121 2841 1238 2882; x_wconf 79' lang='lat' dir='ltr'>effice</span> <span class='ocrx_word' id='word_1_357' title='bbox 1267 2842 1308 2882; x_wconf 94' lang='lat' dir='ltr'>V</span> <span class='ocrx_word' id='word_1_358' title='bbox 1331 2840 1346 2894; x_wconf 97' lang='grc' dir='ltr'>Η</span> <span class='ocrx_word' id='word_1_359' title='bbox 1374 2843 1425 2882; x_wconf 85' lang='grc'>93</span> <span class='ocrx_word' id='word_1_360' title='bbox 1455 2840 1672 2880; x_wconf 84' lang='lat' dir='ltr'>corruerint</span> <span class='ocrx_word' id='word_1_361' title='bbox 1698 2837 1871 2899; x_wconf 71' lang='lat' dir='ltr'>utinam!</span> 
     </span>
     <span class='ocr_line' id='line_1_41' title="bbox 187 2893 1874 2946; baseline -0.001 -15"><span class='ocrx_word' id='word_1_362' title='bbox 187 2893 506 2934; x_wconf 75' lang='lat' dir='ltr'>Lachmannus:</span> <span class='ocrx_word' id='word_1_363' title='bbox 537 2908 606 2935; x_wconf 88' lang='lat' dir='ltr'>eur</span> <span class='ocrx_word' id='word_1_364' title='bbox 633 2896 780 2936; x_wconf 88' lang='lat' dir='ltr'>iterent</span> <span class='ocrx_word' id='word_1_365' title='bbox 806 2896 958 2936; x_wconf 86' lang='lat' dir='ltr'>utinam</span> <span class='ocrx_word' id='word_1_366' title='bbox 986 2896 1115 2946; x_wconf 86' lang='lat' dir='ltr'>(utina</span> <span class='ocrx_word' id='word_1_367' title='bbox 1138 2895 1210 2945; x_wconf 70' lang='lat'>0²⁰²)</span> <span class='ocrx_word' id='word_1_368' title='bbox 1238 2895 1283 2935; x_wconf 96' lang='lat' dir='ltr'>V</span> <span class='ocrx_word' id='word_1_369' title='bbox 1305 2893 1443 2934; x_wconf 81' lang='lat' dir='ltr'>Sidera</span> <span class='ocrx_word' id='word_1_370' title='bbox 1473 2905 1542 2933; x_wconf 90' lang='lat' dir='ltr'>cur</span> <span class='ocrx_word' id='word_1_371' title='bbox 1569 2893 1769 2933; x_wconf 79' lang='lat' dir='ltr'>retinent?</span> <span class='ocrx_word' id='word_1_372' title='bbox 1796 2893 1874 2930; x_wconf 81' lang='lat' dir='ltr'>utl-</span> 
     </span>
     <span class='ocr_line' id='line_1_42' title="bbox 187 2944 1873 2995; baseline -0.001 -10"><span class='ocrx_word' id='word_1_373' title='bbox 187 2958 279 2986; x_wconf 89' lang='lat' dir='ltr'>nam</span> <span class='ocrx_word' id='word_1_374' title='bbox 299 2961 335 2985; x_wconf 87' lang='grc' dir='ltr'><em>ω</em></span> <span class='ocrx_word' id='word_1_375' title='bbox 376 2947 513 2988; x_wconf 90' lang='lat' dir='ltr'>Sidera</span> <span class='ocrx_word' id='word_1_376' title='bbox 545 2961 614 2989; x_wconf 88' lang='lat' dir='ltr'>cur</span> <span class='ocrx_word' id='word_1_377' title='bbox 642 2951 844 2989; x_wconf 79' lang='lat' dir='ltr'>retinent?</span> <span class='ocrx_word' id='word_1_378' title='bbox 874 2950 1017 2988; x_wconf 89' lang='lat' dir='ltr'>iterum</span> <span class='ocrx_word' id='word_1_379' title='bbox 1046 2949 1324 2989; x_wconf 78' lang='lat' dir='ltr'>Marklandus</span> <span class='ocrx_word' id='word_1_380' title='bbox 1371 2947 1507 2987; x_wconf 84' lang='lat' dir='ltr'>Sidera</span> <span class='ocrx_word' id='word_1_381' title='bbox 1537 2945 1770 2995; x_wconf 83' lang='lat' dir='ltr'>corruerint,</span> <span class='ocrx_word' id='word_1_382' title='bbox 1798 2944 1873 2983; x_wconf 85' lang='lat' dir='ltr'>ite-</span> 
     </span>
    </p>
   </div>
   <div class='ocr_carea' id='block_1_5' title="bbox 185 2996 1876 3094">
    <p class='ocr_par' dir='ltr' id='par_1_5' title="bbox 185 2996 1876 3094">
     <span class='ocr_line' id='line_1_43' title="bbox 185 2996 1876 3094; baseline -0.002 -54"><span class='ocrx_word' id='word_1_383' title='bbox 185 3003 347 3093; x_wconf 70' lang='lat' dir='ltr'>rGumdut</span> <span class='ocrx_word' id='word_1_384' title='bbox 376 3002 677 3094; x_wconf 51' lang='lat' dir='ltr'>Ilileq‘tzobergius</span> <span class='ocrx_word' id='word_1_385' title='bbox 706 3002 843 3044; x_wconf 86' lang='lat' dir='ltr'>Sidera</span> <span class='ocrx_word' id='word_1_386' title='bbox 874 3015 942 3042; x_wconf 87' lang='lat' dir='ltr'>cur</span> <span class='ocrx_word' id='word_1_387' title='bbox 971 3005 1104 3042; x_wconf 77' lang='lat' dir='ltr'>inter?</span> <span class='ocrx_word' id='word_1_388' title='bbox 1134 3002 1287 3042; x_wconf 88' lang='lat' dir='ltr'>utinam</span> <span class='ocrx_word' id='word_1_389' title='bbox 1315 3002 1538 3041; x_wconf 66' lang='lat' dir='ltr'>Mar-cilius</span> <span class='ocrx_word' id='word_1_390' title='bbox 1562 2998 1578 3053; x_wconf 97' lang='grc' dir='ltr'>Η</span> <span class='ocrx_word' id='word_1_391' title='bbox 1613 3002 1667 3041; x_wconf 84' lang='grc'>94</span> <span class='ocrx_word' id='word_1_392' title='bbox 1693 2996 1876 3039; x_wconf 86' lang='lat' dir='ltr'>idrochoi</span> 
     </span>
     <span class='ocr_line' id='line_1_44' title="bbox 250 3065 457 3094; baseline 0 -2"><span class='ocrx_word' id='word_1_393' title='bbox 250 3065 262 3092; x_wconf 88' lang='lat'>1</span> <span class='ocrx_word' id='word_1_394' title='bbox 319 3065 388 3094; x_wconf 87' lang='lat' dir='ltr'>roc</span> <span class='ocrx_word' id='word_1_395' title='bbox 419 3066 457 3093; x_wconf 88' lang='lat'>01</span> 
     </span>
    </p>
   </div>
  </div>
 </body>
</html>
