2040 3372
247 111 346 157 104
944 113 1219 147 FRAGMENTA

381 248 432 289 11
471 246 648 296 [Nemus
675 248 750 288 546
777 247 832 288 Μ.
855 239 1105 286 ‘Carchesia'
1134 277 1144 288 .
1175 276 1185 286 .
1213 276 1224 287 .
1259 246 1358 288 alias
1395 259 1547 287 summa
1591 257 1682 298 pars
1723 246 1840 296 mali,
1883 246 1927 286 id

247 304 311 340 est
339 300 547 350 foramina,
578 312 680 352 quae
710 313 865 340 summo
894 300 990 339 mali
1019 299 1134 340 funes
1162 300 1438 364 recipiunt..
1483 300 1663 340 Catullus
1690 300 1926 340 neronensis

239 348 455 394 ‘Lucida
538 366 598 394 ua
644 354 878 405 splendet
924 353 1191 394 carchesia
1237 347 1384 395 mali'.
1456 354 1530 393 sed
1570 356 1638 393 liic
1679 366 1826 393 uersas
1867 355 1929 392 est

253 407 423 448 Cinnae.
470 367 528 471 clq
555 407 705 448 Isidor.
735 409 843 457 orig.
872 407 936 457 49,
962 408 1004 456 2,
1034 407 1080 446 40
1110 406 1254 447 Cinna:
1283 401 1447 447 ‘Lucida
1479 407 1713 472 confulgent
1742 407 1813 447 alti
1842 419 1927 447 car-

250 461 385 501 chesia
414 453 527 501 mali'
559 464 600 499 et
625 461 752 501 schol.
781 460 947 499 Lucani
971 462 1011 508 5,
1039 460 1166 510 4481)
1171 461 1285 502 577
1317 462 1429 502 Web.
1460 461 1604 501 Cinna:
1637 454 1805 501 ‘Lucida
1834 471 1926 501 cum

249 514 407 566 fulgent
436 514 578 555 summi
609 513 809 553 carchesia
838 506 955 553 mali'
959 544 968 553 .
1021 512 1076 560 cf.
1106 473 1166 564 64),
1193 515 1291 563 255]

382 685 436 728 12
467 686 657 735 [Seruius
693 686 750 725 ad
776 686 903 736 Verg.
931 686 1035 726 Aen.
1062 686 1099 736 7,
1126 687 1205 726 578
1240 685 1338 751 (Ceu
1374 685 1573 738 quondam
1609 690 1715 727 torto
1754 686 1930 727 uolitans

250 740 326 779 sub
357 741 521 780 uerbere
553 739 683 804 turbo)
720 741 820 778 haec
848 740 1096 779 adnotavit:
1127 733 1303 780 ‘Tui-'bo
1307 769 1317 779 .
1374 740 1553 780 Catullus
1592 740 1667 780 hoc
1703 732 1931 780 ‘turben'

249 792 358 842 dicit,
387 797 432 833 ut
464 787 573 833 hoc‘
581 786 772 833 carmen’.
824 805 904 843 pro
937 793 1115 832 Catullus
1143 792 1331 833 Nansius
1359 797 1399 831 et
1425 793 1519 833 Nic.
1540 793 1713 832 Loenszs
1739 795 1932 833 restitne-

252 850 357 886 runt
399 846 605 894 Tibullus,
662 848 782 885 cuius
823 848 870 885 in
912 859 1038 886 carm.
1077 847 1120 896 4,
1154 849 1206 896 5,
1240 848 1269 887 5
1310 847 1418 885 illud
1462 846 1604 886 turben
1651 859 1705 886 ex
1749 846 1933 887 Charisii

244 913 288 951 p.
317 901 404 951 445,
433 901 459 941 8
491 902 748 940 auctoritate
775 900 943 951 legitur.
992 899 1047 947 cf.
1077 902 1203 939 etiam
1233 901 1386 940 Catulli
1413 901 1474 951 64,
1502 899 1589 948 407]

385 1070 442 1113 13
470 1072 649 1121 [Nonius
666 1072 743 1113 547
761 1073 816 1112 M.
839 1066 1123 1124 ‘Properiterffi
1180 1073 1378 1114 Catullus.
1415 1068 1666 1113 ‘Animula
1693 1072 1896 1113 miserul
1913 1085 1936 1112 a

251 1125 551 1178 properiter
579 1122 725 1167 abit'.
767 1127 841 1165 sed
865 1139 1012 1165 uersus
1041 1130 1102 1165 est
1123 1126 1279 1176 Sereni,
1307 1130 1376 1166 cui
1404 1128 1661 1167 adscribitur·
1688 1139 1714 1166 a
1735 1126 1938 1166 Diomede

244 1192 290 1231 p.
318 1180 410 1230 545,
431 1180 479 1220 40
500 1179 543 1219 K.
574 1183 694 1219 euius
722 1183 768 1219 in
796 1180 915 1219 libris
943 1180 1029 1220 obit
1057 1184 1099 1219 et
1125 1181 1225 1220 obiit
1253 1181 1423 1232 legitur.
1467 1180 1888 1229 abiitLackmannus]

389 1351 445 1394 14
474 1352 661 1402 [Scholia
688 1355 940 1392 ueronensia
975 1353 1033 1392 ad
1060 1352 1186 1403 Verg.
1214 1354 1317 1393 Aen.
1345 1356 1385 1403 8,
1411 1355 1465 1395 54
1492 1354 1654 1404 Angelo
1683 1353 1797 1393 Maio
1837 1355 1941 1391 teste

253 1407 355 1445 haec
384 1407 561 1445 habent:
604 1406 799 1446 Carbasus
842 1410 883 1446 et
924 1406 1147 1446 masculino
1169 1411 1231 1446 ·et
1274 1407 1464 1446 feminino
1506 1419 1652 1458 genere
1693 1406 1822 1446 dictus
1862 1410 1936 1446 est.

255 1459 459 1499 Catullus:
507 1459 805 1500 Cannublae
833 1489 843 1500 .
865 1460 1186 1499 ..carbasus
1206 1490 1216 1500 .
1237 1491 1246 1500 .
1267 1472 1349 1500 ros
1377 1460 1615 1500 umbrosa
1646 1472 1667 1500 c
1687 1491 1697 1502 .
1719 1489 1729 1500 .
1749 1490 1760 1500 .
1780 1471 1841 1499 an
1862 1491 1871 1499 .

256 1513 339 1551 Sed
369 1512 523 1551 Keilius
566 1514 761 1552 editionis
802 1526 902 1552 suae
939 1514 1110 1552 illorum
1147 1513 1401 1553 scholiorum
1434 1527 1474 1564 p.
1503 1516 1565 1562 99,
1593 1515 1647 1554 29
1676 1517 1850 1552 testatus
1879 1516 1942 1551 est

253 1568 383 1605 uerba
413 1566 592 1606 Catullus
622 1566 843 1606 cannubiae
872 1579 948 1605 nec
975 1579 1018 1605 se
1045 1569 1131 1605 iam
1159 1569 1205 1606 in
1234 1568 1374 1606 codice
1392 1568 1550 1606 uidisse
1568 1579 1645 1606 nee
1663 1567 1769 1606 talia
1792 1565 1938 1618 qualia

254 1619 394 1659 Maius
430 1621 533 1670 legit
566 1622 647 1659 sibi
684 1622 778 1658 ueri
817 1621 973 1659 similia
1012 1618 1156 1666 fuisse.
1210 1633 1304 1659 eum
1333 1620 1463 1660 Keilio
1503 1623 1708 1660 consentit
1731 1620 1783 1660 A.
1814 1620 1939 1659 Herr-

253 1685 454 1721 mannns,
485 1675 558 1724 qui
584 1675 673 1723 ipse
702 1686 864 1725 quoque
894 1674 1077 1712 codicem
1104 1687 1371 1713 ueronensem
1410 1677 1681 1725 recognovit,
1715 1676 1763 1712 in
1789 1673 1940 1714 Fleck-

255 1730 384 1766 eiseni
412 1739 509 1766 ann.
538 1727 638 1767 4866
663 1739 704 1778 p.
731 1727 791 1767 74.
840 1725 894 1774 cf}
927 1727 1071 1777 Vnger
1100 1728 1148 1766 de
1177 1727 1331 1777 Valgia
1354 1740 1398 1778 p.
1427 1729 1520 1776 485]

387 1899 441 1942 15
476 1900 663 1950 [Ellisius
701 1902 745 1938 in
780 1900 937 1940 Catulli
963 1901 1024 1941 ed.
1057 1900 1127 1940 alt.
1161 1913 1203 1951 p.
1233 1900 1310 1939 224
1349 1900 1527 1939 adnotat
1563 1900 1681 1940 Vibii
1708 1888 1943 1951 Sebueslris

257 1953 440 1992 codicem
475 1955 583 1994 Brit.
622 1954 745 1993 46936
786 1957 882 2005 post
916 1967 987 1993 uu.
1042 1954 1084 1994 ln
1121 1953 1337 1993 athamatia
1375 1954 1485 1994 lacus
1523 1954 1616 1994 lune
1654 1954 1790 1993 tenuia
1831 1953 1942 2004 ligna

257 2007 440 2047 accendit
486 2020 535 2048 ex
583 2020 662 2059 quo
711 2007 852 2046 bibens
899 2011 967 2047 aut
1014 2006 1162 2047 insanit
1217 2010 1286 2046 aut
1332 2007 1487 2058 sopitur
1535 2009 1596 2058 (p.
1634 2007 1707 2057 42,
1734 2008 1760 2046 9
1801 2005 1944 2057 Burs.)

259 2062 361 2100 lzaec
401 2062 554 2100 habere
592 2062 826 2099 minoribus
864 2061 1016 2100 litteris
1057 2065 1267 2111 tamquam
1299 2062 1536 2111 perscripta
1550 2062 1738 2124 pagina
1782 2060 1943 2108 addita,

258 2116 463 2154 incertum
494 2127 548 2153 an
578 2116 630 2153 ab
661 2114 803 2153 eadem
830 2127 984 2153 manu:
1027 2114 1152 2154 Lacus
1182 2113 1306 2162 Comi,
1336 2114 1513 2154 Catullus
1550 2107 1630 2152 ‘Et
1666 2113 1811 2153 Lario
1855 2113 1944 2152 im-

257 2167 452 2207 minens
498 2168 561 2207 Co
577 2179 734 2209 mum
806 2167 858 2213 cll
894 2167 978 2207 Cat.
1014 2170 1082 2215 55,
1120 2169 1144 2206 4
1180 2171 1220 2206 et
1254 2169 1477 2207 Petrareae
1518 2169 1736 2206 itinerarii
1780 2167 1946 2219 syriaci

256 2233 297 2271 p.
316 2222 395 2261 559
424 2222 484 2260 ed.
507 2221 636 2260 Basil.
679 2220 779 2260 Nam
808 2221 885 2260 hoc
913 2220 1141 2260 Mediolano
1171 2221 1406 2272 proximum,
1435 2220 1550 2260 Lario
1579 2220 1802 2269 imminens,
1832 2219 1944 2270 Alpi-

259 2275 334 2314 bus
378 2274 563 2314 adiacens
603 2274 766 2314 Comum
813 2280 893 2323 est,
937 2287 1016 2314 non
1057 2275 1176 2314 Cume
1220 2279 1260 2312 et
1296 2274 1477 2313 eiusdem
1522 2276 1637 2324 epist.
1665 2272 1802 2321 famil.
1830 2273 1890 2322 47,
1918 2274 1945 2312 6
2024 2286 2031 2292 ·

254 2341 301 2379 p.
329 2330 400 2367 444
429 2328 622 2368 Fracass.
652 2328 789 2368 urbem
818 2328 997 2380 ipsisque
1027 2328 1249 2368 subiectam
1277 2327 1448 2380 Alpibus
1485 2333 1525 2367 et
1554 2326 1708 2367 famoso
1739 2327 1841 2366 lacui
1870 2327 1944 2365 im·

261 2382 501 2432 pendentem
532 2382 711 2430 Comum]
