2040 3372
775 94 1087 137 TESTIMONIA
1675 95 1707 135 Χ
1715 93 1780 134 Vll

257 231 412 277 uoalti.
471 230 758 277 hieronimus
783 231 981 276 donatus
1015 228 1250 291 patricius.
1309 228 1370 288 cf.
1396 229 1701 288 Deelefsenum
1725 231 1776 276 in

258 300 366 344 actis
390 305 632 344 conuentus
661 296 815 358 philol.
839 296 1102 343 kiloniensis
1125 293 1260 356 (lips.
1290 295 1437 355 1869)
1466 310 1512 355 p.
1539 296 1601 343 9O
1626 295 1778 342 Ellisoe'i

257 364 321 411 ed.
353 363 445 411 Cat.
476 378 525 425 p.
556 362 675 408 LIII‘2.

91 436 154 483 70
197 429 386 477 Thomas
423 429 586 476 Seneca
627 428 910 476 Camertinus
954 430 1096 486 (uixit
1143 427 1197 474 ab
1244 441 1363 474 anno
1410 428 1507 487 fere
1546 428 1672 475 1390
1719 427 1779 473 ad

256 510 426 543 annum
464 497 560 557 fere
601 497 747 554 1465)
779 494 1002 557 suppleuit
1043 493 1212 541 Catulli
1243 507 1424 539 uersum
1462 494 1540 547 68,
1579 495 1657 541 47.
1714 493 1774 553 cf.

259 562 391 622 infra
422 577 468 624 p.
495 563 557 610 80
593 561 651 608 ad
683 561 725 607 h.
752 561 780 607 l.

91 634 154 680 71
199 629 349 678 eodem
385 630 650 690 parisiensis
688 628 816 675 7989
852 625 935 687 (P)
971 628 1165 687 scriptus
1209 632 1271 671 est
1305 639 1348 671 a.
1381 626 1520 673 1423.
1590 627 1639 671 in
1681 627 1777 672 eius

251 710 299 762 p.
331 696 422 741 179
462 702 563 757 post
604 693 831 741 Catullum
876 693 981 739 haec
1015 693 1181 753 leyitur
1224 691 1512 752 subscriptio:
1566 695 1692 742 1423
1730 693 1775 740 di

255 762 320 809 20
358 761 452 807 ηῒῑῐ·
487 775 517 820 p
554 775 608 822 cy
635 795 799 806 .....
832 758 839 821 Ι
871 761 975 820 eple
1012 761 1040 806 6
1068 794 1077 804 .
1105 794 1116 804 .
1153 772 1318 805 uersus
1354 759 1449 808 228
1477 793 1678 807 ......
1715 759 1774 818 cf.

256 826 516 874 Buecheleri
548 827 612 874 ed.
641 826 819 873 Petron.
856 828 1020 872 maior.
1051 840 1098 886 p.
1125 831 1216 870 XVI.

90 897 155 944 72
190 893 391 941 Andreas
428 893 645 948 Schottus,
684 893 922 939 obseruatt.
958 892 1143 938 human.
1183 893 1227 946 2,
1257 893 1317 939 16
1347 906 1394 951 p.
1422 892 1506 940 53:
1544 893 1690 939 codex
1726 894 1773 940 in

255 959 538 1007 membranis
574 974 670 1006 non
707 957 1076 1005 contemnendae
1112 957 1355 1003 uetustatis
1391 972 1429 1003 a.
1457 973 1773 1006 meccaxxvm

256 1041 397 1074 manu
422 1025 636 1072 Matthaei
662 1024 875 1071 Palmerii
909 1023 1110 1084 scriptus
1136 1023 1232 1083 (qui
1269 1030 1314 1069 et
1347 1037 1470 1070 anno
1507 1040 1775 1072 mcccc.xxv

252 1092 454 1155 primum
502 1097 738 1153 repertum
786 1105 887 1137 esse
923 1089 1151 1136 Catullum
1196 1089 1487 1150 pessimeque
1533 1100 1774 1152 acceptum

252 1159 301 1206 in
336 1172 503 1205 manus
536 1157 778 1204 hominum
814 1156 999 1203 uenisse
1035 1155 1318 1213 adnotarat),
1357 1170 1493 1216 quem
1530 1157 1641 1204 mihi
1667 1161 1773 1205 Ant.

255 1224 563 1272 Couarruuias
582 1224 688 1271 Iure
725 1238 853 1270 cons.
879 1222 1092 1284 egregius
1111 1222 1260 1268 Toleti
1284 1222 1506 1269 utendum
1534 1224 1672 1281 dedit,
1708 1226 1773 1272 sic

251 1291 473 1371 habebat:
518 1290 639 1350 (Cat.
673 1292 718 1347 3,
759 1290 837 1349 16)
868 1283 1074 1335 ‘Bonum
1119 1289 1313 1335 factum:
1360 1289 1476 1335 male
1526 1305 1553 1336 o
1598 1291 1773 1338 miselle

285 1372 412 1405 asser
440 1393 450 1403 .

88 1425 148 1472 73
186 1373 453 1471 Inlitntoniz·
473 1422 706 1470 Beccatelli
729 1421 1019 1469 Panormitae
1047 1420 1428 1483 Hermaphrodz'to
1454 1421 1613 1483 (quia.
1645 1425 1771 1472 1426

254 1491 398 1538 editus
432 1491 509 1548 est)
546 1489 625 1535 hoc
649 1503 828 1535 carmen
853 1488 1016 1549 leyt'tur
1040 1489 1106 1546 (2,
1134 1490 1195 1535 23
1226 1503 1273 1550 p.
1307 1489 1396 1537 128
1423 1489 1487 1535 ed.
1518 1488 1771 1551 Forbery.):

318 1557 385 1603 Ad
422 1556 583 1602 Galeaz
620 1569 756 1616 quem
794 1562 895 1601 orat
928 1561 981 1601 ut
1014 1553 1101 1601 sibi
1138 1554 1364 1601 Catullum
1400 1555 1622 1604 inueniat.

252 1624 417 1680 Ardeo,
453 1623 515 1668 mi
552 1621 729 1678 Galeaz,
765 1621 953 1668 mollem
987 1621 1194 1683 reperire
1232 1620 1457 1667 Catullum

318 1688 376 1735 Vt
410 1688 584 1750 possim
619 1688 833 1734 dominae
868 1687 1071 1748 moriger
1105 1702 1204 1734 esse
1237 1701 1390 1733 meae:

255 1755 451 1803 Lectitat
486 1754 559 1800 illa
594 1754 746 1801 libens
780 1762 969 1800 teneros
1003 1753 1173 1800 lasciua
1209 1760 1370 1814 poetas

320 1822 379 1868 Et
412 1822 615 1882 praefert
651 1834 884 1876 numeros,
926 1820 1062 1866 docte
1098 1819 1285 1877 Catulle,
1322 1827 1441 1865 tuos.

254 1888 414 1949 Nuper
449 1894 495 1933 et
529 1887 653 1933 hunc
688 1885 769 1933 abs
804 1901 878 1932 me
913 1887 1053 1932 multa
1088 1900 1228 1948 prece
1264 1885 1429 1931 blanda
1464 1888 1677 1947 poposcit

322 1954 460 2000 Forte
495 1967 630 1999 suum
667 1959 820 1999 uatem
855 1967 930 1998 me
965 1967 1110 2013 penes
1146 1966 1246 1999 esse
1279 1958 1465 2012 putans.

249 2016 371 2067 ‘Non
407 2026 547 2066 teneo
582 2010 730 2065 hunc'
758 2018 851 2065 dixi
880 2013 1002 2064 ‘mea
1038 2019 1131 2075 lux,
1167 2032 1268 2065 mea
1296 2019 1512 2079 nympha,
1549 2018 1770 2067 libellum.

320 2086 370 2133 ld
404 2093 559 2132 tamen
597 2085 816 2132 efficiam:
853 2086 1008 2132 forsan
1046 2084 1238 2131 habebis
1273 2084 1420 2145 opus?

254 2153 401 2217 Instat
435 2159 481 2198 et
515 2152 708 2198 omnino
745 2151 916 2198 librum
951 2165 1025 2197 me
1060 2151 1210 2213 poscit
1245 2151 1440 2197 amicum

320 2218 381 2265 Et
414 2232 596 2265 mecum
633 2218 853 2279 grauibus
888 2232 1016 2265 nunc
1052 2218 1145 2278 agit
1178 2217 1251 2264 illa
1288 2217 1438 2264 minis.

253 2285 405 2340 Quare
442 2299 527 2346 ego
562 2299 648 2346 per
683 2299 878 2346 superos
915 2298 1091 2341 omnes,
1129 2299 1155 2330 o
1192 2299 1296 2331 care
1332 2284 1510 2340 sodalis,

321 2351 418 2411 (Sic
453 2352 670 2412 precibus
706 2351 823 2398 lenis
858 2351 916 2398 sit
951 2351 1172 2412 Cytherea
1208 2350 1300 2397 tuis
1314 2351 1343 2410 l)

254 2418 320 2464 Te
354 2432 524 2478 precor
558 2425 697 2478 atque
731 2418 900 2463 iterum
935 2431 1118 2479 precor,
1153 2417 1198 2464 id
1234 2417 1345 2463 mihi
1383 2431 1553 2478 quaere
1589 2417 1744 2473 libelli,

320 2483 423 2538 Quo
459 2485 564 2531 fiam
601 2490 787 2531 nostrae
822 2484 995 2545 gratior
1027 2485 1125 2546 ipse
1159 2483 1284 2530 deae.

247 2558 480 2612 praeterea
502 2551 606 2598 haec
629 2565 687 2597 θα)
710 2550 1085 2612 Hermaphrodito
1111 2553 1323 2598 enotaui:
1363 2552 1404 2606 1,
1435 2552 1509 2605 17,
1536 2550 1565 2597 2
1602 2550 1769 2597 siccior

253 2623 322 2663 est
343 2631 490 2663 cornu
525 2618 602 2678 (cf.
642 2617 736 2664 Cat.
762 2618 839 2673 23,
871 2617 947 2675 12)
1033 2620 1063 2664 4
1100 2617 1241 2664 sudor
1276 2616 1405 2662 abest
1440 2616 1555 2676 (Cat.
1583 2618 1660 2673 23,
1691 2619 1770 2674 16)

319 2684 347 2731 8
383 2683 550 2729 rictum
577 2719 587 2729 .
615 2719 626 2729 .
654 2719 664 2729 .
689 2683 871 2743 qualem
895 2683 1054 2729 Prodit
1076 2683 1124 2730 in
1150 2683 1326 2730 aestiuo
1350 2690 1560 2742 tempore
1585 2697 1769 2730 cunnus

252 2763 397 2809 equae
430 2749 549 2808 (Cat.
575 2751 654 2806 97,
683 2752 726 2798 7.
753 2750 799 2807 8)
924 2751 970 2797 9.
999 2752 1058 2798 10
1094 2750 1142 2796 Si
1165 2749 1359 2796 buccam
1386 2748 1586 2806 olfacias,
1611 2749 1767 2796 culum

251 2815 460 2862 olfecisse
485 2815 681 2877 putabis,
719 2815 888 2863 Verum
913 2816 1046 2862 etiam
1072 2817 1202 2863 culus
1237 2815 1456 2862 mundior
1484 2830 1564 2862 ore
1588 2831 1673 2863 suo
1698 2824 1770 2863 est

254 2881 370 2941 (Cat.
397 2882 475 2936 97,
511 2885 656 2939 1—4)
797 2886 836 2939 1,
880 2884 953 2945 18,
992 2884 1019 2930 3
1058 2883 1159 2929 Νοη
1206 2883 1343 2929 dehet
1386 2890 1573 2930 teneros
1608 2883 1767 2930 Hodus

249 2947 415 3008 legisse
452 2949 675 3006 Catullos‚
711 2949 815 2995 Non
852 2948 968 2995 uidit
1002 2963 1193 3010 penem,
1239 2963 1383 3009 uerpe
1420 2949 1599 3010 Priape,
1634 2957 1767 2996 tuum

383 3015 429 3072 2,
467 3016 512 3073 6,
550 3017 611 3063 35
652 3029 849 3076 uerpum
978 3014 1195 3077 Priapum
1230 3014 1347 3076 (Cat.
1384 3017 1462 3071 47,
1499 3016 1564 3074 4).

168 3099 319 3132 Catullus
1420 3093 1446 3131 Ῑ)
