2040 3372
817 103 1130 145 TESTIMONIA
1746 103 1822 144 XV

303 241 494 289 solidam
522 239 754 286 habuisse.
814 239 865 285 de
891 237 1068 286 Catullo
1105 236 1242 285 huius
1278 240 1350 285 rei
1381 244 1486 285 teste
1512 238 1823 300 Postrenqicus

301 315 424 355 errat
459 307 604 353 Plinii
636 306 678 352 h.
713 320 762 352 n.
789 306 867 360 36,
893 306 956 353 48
1000 304 1279 366 neyleqenter
1312 300 1439 366 usus]
1637 320 1684 366 Ρ.
1713 302 1821 354 88¹‘z

304 373 400 421 Cat.
431 377 472 430 1,
504 376 543 420 1.
583 374 630 419 2.

133 443 196 490 65
233 446 504 486 rnszctchs
540 444 764 483 PETRARCA
806 435 1032 496 (mortuus
1067 453 1108 485 a.
1139 437 1285 496 1374)
1322 440 1372 483 in
1406 436 1596 497 epistula
1631 451 1733 482 aar.
1761 437 1825 485 38

303 509 366 565 (3,
398 522 446 569 Ρ.
471 508 568 554 402
605 506 670 552 ed.
697 505 984 565 Fraeassetti)
1022 504 1252 551 Auenione
1275 519 1317 551 a.
1351 505 1475 552 1347
1503 503 1562 549 ad
1591 502 1744 550 Colam
1781 503 1829 548 cli

302 572 471 620 Rienzi
492 575 659 633 scripta
677 571 961 632 (Catullus
985 570 1305 627 ueronensis):
1340 568 1433 617 Cat.
1455 571 1533 627 49,
1559 573 1579 617 1
1701 571 1825 630 epist.

300 653 403 686 uar.
431 641 493 687 32
520 639 596 699 (em
619 652 740 685 anno
769 637 914 696 1356)
943 639 1008 699 (3,
1029 653 1077 698 Ρ.
1104 638 1200 685 390
1225 635 1537 695 Fracassetti).·
1569 636 1661 683 Cat.
1691 640 1736 694 3,
1766 638 1823 685 17

437 703 507 769 [de
540 706 748 751 remediis
781 708 1016 766 utriusque
1050 703 1268 763 fortunae
1307 707 1346 761 1,
1374 704 1436 751 59
1467 717 1515 764 Ρ.
1543 704 1605 751 69
1631 703 1696 749 ed.
1720 704 1824 750 Bas.

300 786 341 819 a.
368 774 495 821 1554
521 778 679 833 pastor
704 771 809 819 eris.
853 771 1058 817 officium
1082 771 1190 826 uile,
1216 770 1448 817 laudatum
1474 770 1582 816 licet
1603 784 1628 815 a
1653 770 1827 826 multis,

302 846 410 886 ante
435 838 548 885 alios
572 852 597 884 a
622 837 856 884 Catullo
876 837 1149 884 Veronensi.
1187 836 1399 884 Petrarca
1423 834 1651 883 Catullum
1675 850 1829 884 errore

299 920 385 968 pro
429 904 625 959 Tibullo,
670 907 794 951 uitae
838 907 1033 951 rusticae
1079 903 1336 959 laudatore,
1381 899 1659 965 nominauit]

307 975 349 1030 1,
371 971 433 1020 69
454 986 500 1033 Ρ.
527 972 586 1018 77
615 970 735 1024 Quid
757 985 812 1017 ex
835 970 1003 1017 uestris
1024 969 1228 1016 Ouidio?
1255 969 1524 1017 Catullo?
1547 968 1830 1032 Propertio?

303 1035 526 1085 Tibullo?
552 1050 753 1097 quorum
779 1036 957 1083 nullum
987 1036 1130 1082 ferme
1155 1036 1245 1082 nisi
1269 1037 1545 1083 amatorium
1572 1043 1639 1083 est
1661 1051 1829 1098 poema

481 1104 527 1159 2,
547 1103 698 1164 praef.
723 1118 766 1164 p.
796 1104 914 1150 123:
956 1101 1050 1149 Cat.
1079 1103 1156 1158 39,
1187 1105 1246 1151 16
1400 1106 1523 1164 epist.
1548 1101 1698 1161 famil.
1726 1105 1772 1160 9,
1799 1106 1831 1150 4

304 1171 370 1231 (2,
405 1185 448 1231 Ρ.
478 1171 535 1216 11
564 1168 876 1228 Γνασαεεεττῦε
913 1168 1057 1215 multa
1083 1168 1206 1214 enim
1233 1168 1289 1216 de
1325 1183 1482 1215 amore
1513 1176 1667 1216 tecum
1693 1184 1830 1230 agere

305 1250 623 1297 superuacuae
655 1235 979 1283 ostentationis
1014 1235 1168 1292 fuerit,
1205 1249 1344 1296 quem
1374 1236 1659 1297 experientia
1687 1245 1731 1283 et
1757 1250 1832 1282 ars

305 1303 538 1350 Nasonem
575 1303 721 1348 nostri
756 1301 980 1363 temporis
1010 1308 1089 1347 aut
1114 1301 1404 1348 Catullum
1432 1309 1510 1349 aut
1535 1302 1831 1364 Propertium

306 1375 384 1416 aut
419 1369 652 1415 Tibullum
688 1369 797 1415 fecit
952 1367 1161 1414 senilium
1186 1371 1260 1426 11,
1288 1371 1315 1417 3
1334 1384 1382 1430 Ρ.
1410 1370 1506 1418 978
1544 1369 1831 1429 (Catullus

307 1435 634 1494 Veronensis):
672 1435 766 1482 Cat.
797 1439 837 1491 1,
865 1439 894 1483 4
1030 1437 1079 1480 in
1104 1435 1329 1497 triumpho
1354 1434 1546 1490 Amoris,
1572 1450 1666 1498 cap.
1694 1438 1740 1490 4,
1771 1436 1831 1482 19

307 1502 344 1548 L
371 1502 448 1549 ’un
486 1501 578 1561 (dei
611 1504 850 1563 compayni
872 1502 944 1548 del
972 1500 1176 1561 Virqilio)
1204 1516 1283 1548 era
1309 1502 1486 1559 Ovidio,
1524 1518 1548 1549 e
1572 1502 1602 1549 l'
1626 1502 1728 1548 altr’
1754 1516 1832 1548 era

307 1568 507 1625 Tibullo,
544 1568 595 1614 L'
621 1569 736 1614 altro
762 1568 1029 1630 Properzio,
1066 1568 1151 1614 che
1176 1568 1218 1614 d'
1245 1583 1375 1615 amor
1399 1576 1589 1616 cantaro
1615 1568 1831 1615 Fervida-

307 1640 479 1691 mente,
516 1649 541 1681 e
576 1634 606 1681 l’
642 1634 745 1681 altr’
781 1649 859 1681 era
895 1634 1129 1681 Catullo
1330 1639 1471 1692 (epist.
1498 1640 1600 1687 fam.
1632 1643 1695 1690 24,
1725 1643 1748 1680 5
1779 1653 1834 1678 eoe

311 1711 422 1739 anno
455 1701 558 1740 1348
581 1712 627 1750 Ρ.
653 1701 729 1739 272
758 1700 978 1738 Frui-ass..-
1019 1703 1056 1737 si
1090 1699 1212 1738 modo
1250 1699 1321 1738 uel
1357 1701 1485 1738 libros
1522 1701 1592 1739 uel
1625 1701 1833 1739 librorum

309 1754 555 1791 memoriam
600 1753 755 1791 lethaei
793 1755 984 1802 gurgitis
1024 1752 1140 1790 unda
1177 1765 1264 1792 non
1301 1755 1468 1792 obruit:
1511 1753 1565 1799 el'.
1597 1754 1684 1793 Cat.
1714 1756 1778 1804 65,
1808 1757 1831 1794 5

312 1818 492 1856 namque
520 1809 602 1844 mei
629 1818 764 1855 nuper
794 1807 1004 1844 lethaeo
1028 1807 1194 1855 gurgi
1203 1809 1250 1843 te
1277 1804 1433 1852 fratris
1461 1807 1718 1846 Pallidulum
1746 1820 1834 1846 ma-

312 1871 420 1897 nans
442 1858 569 1896 alluit
587 1859 723 1897 unda
738 1859 885 1908 pedem
892 1873 908 1906 ;
930 1860 1115 1896 sonnettz‘
1130 1861 1166 1908 1,
1186 1861 1237 1899 49
1258 1858 1355 1898 Non
1370 1871 1502 1909 prego
1523 1858 1616 1909 gia,
1637 1859 1689 1898 ne
1706 1865 1833 1912 puote

315 1924 414 1949 aver
428 1911 507 1962 piel
528 1911 660 1961 luoeo,
691 1911 771 1951 Cleo
785 1913 1128 1950 misuratamenle
1147 1912 1181 1950 z‘l
1197 1914 1282 1950 mio
1302 1923 1406 1950 onor
1426 1913 1544 1962 arda,
1572 1913 1643 1952 Ma
1663 1916 1736 1953 elze
1755 1926 1834 1953 sua

310 1968 434 2015 parte
461 1966 585 2003 abbia
614 1966 742 2003 cos-tei
768 1965 837 2003 del
861 1963 1014 2010 fuoco:
1045 1965 1132 2004 Cat.
1163 1967 1227 2015 76,
1257 1964 1448 2016 23-26>.

149 2021 211 2070 66
247 2026 442 2065 IOANNES
469 2025 712 2064 BOCCATIVS
738 2020 966 2080 (mortuus
1000 2035 1042 2066 a.
1078 2020 1222 2079 1375)
1261 2020 1311 2067 de
1344 2020 1611 2082 yenealoqz'is
1648 2022 1834 2070 deorum

312 2086 548 2148 yentilium
588 2089 662 2144 14,
694 2089 752 2136 16
788 2086 837 2132 Si
873 2087 959 2133 deo
996 2087 1160 2148 placet,
1196 2087 1399 2134 zelantes
1433 2088 1480 2134 hi
1515 2096 1686 2147 amant,
1722 2104 1832 2151 pro-

315 2159 495 2211 cantur,
532 2159 579 2199 et
611 2154 896 2201 mulierculis
931 2154 1191 2201 ridentibus
1217 2188 1228 2201 .
1256 2189 1267 2200 .
1294 2190 1304 2201 .
1331 2155 1575 2203 amatorias
1609 2156 1835 2204 litterulas

313 2220 504 2277 dictant,
540 2227 830 2281 componunt
864 2221 1104 2282 rhythmos
1146 2227 1191 2267 et
1226 2222 1546 2269 cantiunculas
1582 2224 1833 2280 excudunt,

315 2285 484 2347 quibus
518 2287 787 2334 affectiones
831 2301 937 2335 suas
974 2293 1020 2333 et
1064 2288 1262 2348 suspiria
1298 2295 1591 2349 expromant:
1640 2297 1686 2336 et
1720 2290 1832 2336 defi-

316 2352 546 2399 cientibus
581 2353 757 2413 ingenii
792 2353 878 2401 sibi
913 2353 1092 2400 uiribus
1127 2369 1212 2415 pro
1252 2362 1519 2416 opportuno
1544 2355 1752 2403 subsidio
1778 2357 1835 2403 ad

315 2419 622 2466 instructores
655 2420 766 2467 artis
799 2421 1045 2467 amatoriae
1068 2420 1270 2467 euolant.
1328 2422 1437 2468 hinc
1463 2421 1682 2468 Catulli
1718 2423 1835 2469 Pro-

317 2486 454 2547 pertii
479 2492 524 2532 et
546 2486 743 2533 Nasonis
768 2487 1007 2533 uolumina
1043 2487 1272 2534 euoluunt
1307 2495 1353 2534 et
1387 2488 1443 2534 ab
1480 2488 1650 2550 ineptis
1674 2489 1835 2535 talium

318 2551 612 2599 suasionibus
657 2553 820 2614 lepidis
866 2554 1108 2614 descriptis
1163 2555 1447 2601 carminibus
1501 2562 1546 2601 et
1580 2555 1835 2602 uerborum

318 2619 439 2665 facili
475 2619 710 2666 exornatis
756 2626 977 2666 contextu
1012 2628 1247 2680 tamquam
1283 2621 1331 2667 in
1367 2621 1457 2667 hoc
1492 2627 1590 2668 toto
1626 2621 1836 2669 inclinati

318 2691 509 2745 pectore
554 2685 767 2732 uolentes
801 2687 1049 2733 trahuntur
1093 2688 1381 2734 seducuntur
1426 2694 1563 2748 atque
1598 2694 1834 2735 tenentur.

320 2751 430 2798 hinc
465 2759 709 2813 poetarum
748 2752 989 2800 illecebras
1024 2768 1315 2815 cognouere,
1351 2754 1462 2800 hinc
1497 2754 1667 2815 ingrati
1700 2769 1835 2816 prae-

321 2824 534 2880 ceptores
569 2825 788 2866 accusant
821 2834 931 2866 suos
966 2834 1138 2881 eosque
1184 2821 1452 2867 seductores
1494 2822 1721 2868 mentium
1768 2821 1836 2867 di-

322 2891 452 2941 cunt,
489 2899 606 2945 quos
640 2885 728 2946 ipsi
765 2900 861 2932 non
897 2887 1046 2947 rogati
1081 2894 1248 2948 sponte
1285 2901 1367 2933 sua
1401 2887 1548 2934 secuti
1584 2894 1707 2935 sunt.

157 2964 218 3010 67
257 2968 471 3008 GOLVCIVS
499 2971 752 3009 SALVTATVS
795 2964 1085 3014 Florentinus
1128 2968 1352 3025 (mortuus
1396 2981 1439 3014 a.
1481 2967 1626 3024 1406)
1662 2968 1839 3027 scripsit

323 3029 403 3090 (cf.
439 3038 538 3078 acta
572 3035 717 3080 societ.
755 3031 888 3079 litter.
923 3046 1084 3080 saxon.
1120 3048 1163 3080 a.
1197 3034 1324 3083 1849
1355 3048 1402 3094 Ρ.
1429 3034 1544 3093 258)
1580 3032 1839 3080 Florentiae
