2040 3372
780 105 840 151 17,
873 104 1040 152 18—21‚
1073 104 1116 142 11
1724 99 1784 143 15

307 238 402 285 Nec
436 251 483 284 se
518 236 728 283 subleuat
763 250 817 282 ex
852 249 931 282 sua
967 241 1110 296 parte,
1147 235 1223 282 sed
1261 234 1386 282 uelut
1423 235 1554 281 alnus

308 305 359 351 In
396 305 516 350 fossa
550 302 686 363 liguri
723 303 839 349 iacet
873 308 1146 363 suppernata
1182 301 1348 357 securi,

227 379 271 418 20
307 370 595 417 Tantundem
634 369 785 415 omnia
821 368 1026 415 sentiens
1069 382 1205 428 quam
1249 368 1286 414 si
1323 366 1448 414 nulla
1484 366 1540 413 sit
1575 381 1783 428 usquam,

308 436 428 483 Talis
463 435 548 482 iste
583 449 712 482 meus
747 441 907 495 stupor
943 434 1010 480 nil
1043 435 1181 492 uidet,
1219 434 1333 480 nihil
1367 432 1505 489 audit,

306 503 410 564 lpse
447 502 524 562 qui
559 502 629 559 sit,
665 507 822 548 utrum
856 501 914 547 sit
949 516 1004 547 an
1043 515 1138 547 non
1176 500 1249 557 sit,
1287 500 1332 546 id
1367 513 1554 560 quoque
1589 499 1750 546 nescit.

306 570 438 616 Nunc
473 582 574 615 eum
609 567 716 614 uolo
753 567 809 613 de
843 573 922 613 tuo
957 573 1102 629 ponte
1137 567 1319 614 mittere
1354 580 1569 627 pronum,

308 635 353 682 Si
389 641 497 696 pote
532 634 746 682 stolidum
784 640 976 694 repente
1012 634 1205 680 excitare
1241 639 1485 680 ueternum

227 709 269 748 25
304 701 362 748 Et
397 700 615 762 supinum
651 701 856 747 animum
890 700 937 746 in
976 700 1104 762 graui
1141 700 1461 760 derelinquere
1498 713 1656 755 caeno,

271 792 273 794 *
306 767 520 815 Ferream
555 773 608 814 ut
642 767 811 815 soleam
848 767 999 814 tenaci
1034 767 1079 813 in
1117 766 1339 827 uoragine
1374 765 1511 813 mula.

107 991 170 1045 21
309 990 486 1049 Aureli,
523 999 655 1054 pater
690 992 1008 1048 esuritionum‚

306 1059 407 1106 Non
446 1060 604 1106 harum
641 1058 794 1114 modo,
831 1059 907 1104 sed
946 1064 1059 1118 quot
1094 1065 1170 1104 aut
1205 1059 1396 1105 fuerunt

305 1126 397 1172 Aut
431 1131 540 1172 sunt
574 1132 651 1171 aut
685 1124 784 1171 aliis
821 1131 957 1170 erunt
992 1125 1038 1170 in
1078 1123 1226 1181 annis,

307 1191 524 1238 Pedicare
560 1190 690 1252 cupis
726 1205 853 1237 meos
888 1204 1081 1237 amores.

249 1267 270 1304 5
305 1258 399 1304 Nec
436 1258 573 1304 clam:
612 1271 716 1303 nam
753 1257 888 1304 simul
924 1272 983 1315 es,
1020 1256 1184 1303 iocaris
1219 1271 1326 1313 una,

306 1324 512 1371 Haerens
548 1324 600 1370 ad
638 1324 755 1370 latus
792 1323 945 1369 omnia
982 1323 1219 1384 experiris.

305 1390 514 1437 Frustra:
553 1404 657 1436 nam
694 1389 879 1436 insidias
914 1389 1024 1435 mihi
1061 1390 1370 1436 instruentem

305 1456 508 1518 Tangam
545 1463 589 1503 te
623 1456 752 1519 prior
786 1456 1101 1503 irrumatione.

305 1523 454 1584 Atque
489 1523 535 1570 id
568 1523 605 1570 si
641 1524 816 1570 faceres
851 1529 990 1578 satur,
1027 1530 1253 1569 tacerem:

228 1597 269 1636 10
304 1589 437 1636 Nunc
473 1590 623 1651 ipsum
659 1589 703 1635 id
741 1589 888 1644 doleo,
925 1590 1047 1650 quod
1085 1589 1257 1636 esurire

303 1655 416 1718 †Me
452 1670 523 1703 me
558 1670 676 1718 puer
712 1664 756 1702 et
789 1657 916 1703 sitire
951 1656 1107 1702 discet.

243 1814 289 1853 18
316 1811 400 1852 Nec
428 1824 491 1852 me
525 1813 569 1853 V
596 1812 608 1863 ΙΙ
647 1812 760 1851 aluus
793 1812 823 1850 0
856 1811 869 1862 ΙΙ
910 1815 957 1852 19
987 1814 1170 1863 superata
1209 1811 1256 1851 V.
1312 1812 1462 1850 Festus
1488 1812 1632 1853 305M.
1663 1812 1785 1864 (Sup)

105 1866 259 1916 pernati
279 1865 487 1915 dicu(ntur
514 1867 661 1915 quibus
681 1864 846 1914 femi)na
876 1868 968 1904 sunt
988 1865 1139 1904 succisa
1170 1866 1229 1914 (in
1250 1865 1417 1903 modum
1436 1865 1664 1915 suilla)rum
1695 1878 1784 1917 per-

105 1919 275 1969 narum)
306 1947 422 1958 .....
452 1919 647 1967 Catu(llus
675 1919 732 1956 ad
751 1918 965 1957 Coloniam
992 1915 1070 1965 ‘In)
1102 1918 1206 1957 fossa
1238 1918 1352 1968 ligari
1382 1917 1499 1966 ia(cet
1525 1923 1782 1969 suppernata

106 1972 259 2020 se)curi.
318 1970 372 2017 cf.
402 1972 556 2010 Paulus
582 1972 698 2010 Festi
715 1972 791 2011 504
808 1971 862 2010 M.
885 1970 903 2034 ss
932 1973 979 2011 21
1013 1983 1143 2010 merus
1173 1975 1312 2021 stupor
1332 1971 1590 2010 Passeratius
1617 1971 1631 2025 ss
1660 1972 1782 2011 nichil

105 2025 216 2065 uidet
243 2024 362 2064 nichil
382 2023 456 2074 VH
487 2026 536 2064 22
565 2025 632 2075 qui
665 2025 722 2064 V.-
751 2036 848 2062 corr
875 2026 920 2062 in
949 2024 1088 2075 quidg
1114 2023 1129 2075 ΙΙ
1159 2025 1207 2063 23
1239 2024 1353 2063 Nunc
1382 2036 1470 2063 cum
1490 2024 1584 2064 uolo
1609 2026 1641 2064 G
1669 2024 1786 2065 Nunc

105 2078 200 2118 uolo
229 2078 323 2117 uolo
357 2076 411 2116 0*
439 2077 550 2117 Hunc
565 2037 708 2116 qmeum
739 2077 1032 2116 Froelzliclaeius
1056 2079 1068 2128 ΙΙ
1105 2079 1155 2117 24
1185 2076 1224 2116 Si
1257 2079 1390 2128 potest
1419 2077 1568 2117 olidum
1597 2078 1641 2118 V
1661 2078 1676 2131 ΙΙ
1703 2079 1785 2118 exi-

107 2135 190 2172 tare
220 2131 263 2171 V
285 2130 299 2183 ΙΙ
327 2132 376 2171 25
406 2129 679 2181 derelinquere
712 2130 784 2169 0*·
815 2129 1045 2181 delinquere
1078 2130 1109 2170 G
1136 2129 1149 2182 ΙΙ
1178 2130 1299 2169 mulla
1333 2129 1365 2169 G

237 2182 290 2224 21
320 2183 474 2223 Contra
504 2185 705 2223 librorum
735 2185 1026 2222 auctoritatem
1056 2184 1233 2222 editores
1262 2183 1356 2222 olim
1383 2187 1479 2234 post
1501 2196 1531 2223 c.
1548 2184 1596 2223 47
1622 2186 1783 2224 inseru-

106 2241 229 2277 erunt
256 2249 420 2276 carmen
461 2237 571 2287 quod
606 2239 651 2275 in
679 2235 930 2287 fragmentis
965 2238 1205 2276 catullianis
1239 2238 1377 2287 primo
1407 2237 1495 2276 Ioco
1518 2240 1645 2287 posui
1671 2237 1786 2278 Hunc

105 2291 238 2331 lucum
267 2290 339 2329 tibi
369 2289 509 2330 dedico
540 2294 612 2329 etc.
642 2292 706 2339 (=
737 2290 865 2342 affl),
895 2290 1042 2329 deinde
1067 2292 1243 2342 priapea
1273 2290 1355 2333 duo
1383 2292 1428 2329 in
1454 2291 1665 2330 codicibus
1692 2304 1783 2330 car-

105 2346 264 2383 minum
290 2345 499 2383 minorum
538 2356 643 2393 quae
677 2344 876 2382 dicuntur
902 2344 1238 2393 uergilianorum
1279 2345 1438 2383 tradita
1475 2342 1545 2393 (cf.
1573 2344 1789 2384 Ribbeckii

107 2397 376 2448 appendicem
414 2397 564 2447 uergit.
587 2409 631 2447 p.
660 2397 742 2437 447.
797 2397 1043 2435 Baelzrensii
1069 2399 1112 2438 P.
1143 2397 1188 2436 L.
1218 2396 1271 2435 M.
1300 2398 1341 2446 2,
1368 2410 1407 2447 p.
1438 2397 1527 2447 459)
1562 2397 1673 2437 Hunc
1709 2409 1787 2448 ego

107 2451 273 2490 iuuenes
302 2450 435 2490 locum
465 2452 620 2498 etc.(=
639 2462 671 2489 c.
686 2451 750 2499 49)
778 2454 818 2489 et
844 2449 928 2500 Ego
957 2450 1068 2500 haec,
1097 2462 1172 2501 ego
1203 2454 1287 2490 arte
1316 2450 1505 2490 fabricata
1535 2450 1681 2490 rustica
1712 2456 1783 2492 etc.

107 2505 174 2553 (τε
206 2515 238 2543 c.
267 2504 348 2553 20).
405 2505 551 2553 quibus
579 2505 747 2542 insertis
773 2507 939 2542 numeri
968 2506 1198 2542 carminum
1230 2503 1382 2543 Catulli
1411 2505 1569 2543 turbati
1593 2507 1703 2544 sunt.
1731 2527 1785 2534 -—

108 2569 142 2597 e.
170 2557 222 2595 24
254 2570 278 2595 a
308 2569 341 2598 c.
371 2556 419 2596 47
445 2559 671 2596 interstitio
709 2561 950 2606 separatum
989 2561 1046 2596 est
1075 2557 1135 2597 V:
1169 2559 1348 2596 inseruit
1380 2556 1440 2595 Ad
1476 2556 1678 2596 Aurelium
1711 2557 1777 2607 gl

113 2612 129 2649 1
163 2608 208 2658 [O
239 2609 307 2660 qui
337 2610 534 2660 pessimus
564 2622 607 2650 es
636 2610 729 2649 mali
760 2610 922 2658 sodalis]
949 2610 1082 2650 Aureli
1109 2610 1388 2661 lVestphalius
1415 2610 1427 2660 Η
1456 2611 1723 2650 exuricionum

108 2662 390 2703 essuritionum
422 2663 628 2713 Bergkius
658 2663 672 2712 ΙΙ
707 2665 728 2703 3
758 2663 837 2702 Aut
867 2663 1031 2714 posthac
1061 2664 1150 2703 aliis
1180 2664 1369 2702 Handius
1396 2662 1410 2715 ΙΙ
1436 2666 1460 2703 4
1489 2662 1677 2704 Dedicare
1709 2664 1754 2704 V
1773 2664 1786 2714 ΙΙ

109 2718 132 2756 5
162 2727 253 2754 nam
284 2728 349 2755 om
380 2715 450 2767 G*,
479 2717 618 2766 addg
646 2715 660 2769 ΙΙ
700 2716 892 2756 exiocaris
925 2717 969 2756 V
994 2714 1008 2768 ΙΙ
1043 2718 1065 2756 6
1094 2717 1240 2757 Haeres
1271 2717 1440 2757 Vossius
1473 2716 1486 2768 ΙΙ
1523 2717 1721 2768 experibis
1755 2717 1787 2755 0

109 2768 320 2830 experibus
349 2771 452 2818 (sser
468 2770 514 2808 al'
537 2769 598 2809 bis
610 2772 656 2820 g)
676 2769 708 2809 G
735 2768 750 2822 ΙΙ
779 2773 800 2809 7
832 2774 1047 2809 struentem
1067 2770 1313 2809 Ribbeckius
1341 2771 1354 2821 ΙΙ
1382 2772 1403 2810 8
1433 2770 1729 2810 irruminatione
1750 2771 1795 2810 V

107 2821 120 2873 ΙΙ
147 2824 171 2862 9
200 2821 240 2861 id
270 2821 318 2870 si]
348 2822 424 2872 ipsi
454 2823 492 2862 V
518 2823 641 2874 Atqui
671 2822 847 2884 (Atquei)
879 2823 909 2862 si
941 2837 975 2862 ω
1005 2823 1020 2875 ΙΙ
1051 2826 1096 2864 10
1127 2824 1280 2863 exurire
1313 2823 1345 2862 G
1374 2823 1547 2863 esuriere
1578 2823 1634 2862 0*
1674 2835 1784 2864 essu-

107 2874 183 2914 rire
203 2875 410 2925 Bergkius
434 2874 449 2928 ΙΙ
482 2879 526 2917 11
557 2875 670 2916 Meus
699 2877 752 2914 mi
782 2878 942 2927 (potius
960 2875 1072 2916 Meus
1101 2878 1194 2927 mei)
1227 2877 1431 2927 Meleager
1449 2876 1503 2916 Mi
1534 2888 1645 2917 meus
1664 2876 1786 2916 Ross

109 2928 276 2967 bachius
307 2927 386 2968 Vae
415 2941 529 2969 meus
547 2930 740 2968 Faernus
766 2930 829 2968 Ah
858 2941 919 2968 me
948 2941 1011 2969 me
1038 2930 1230 2981 Scaliger
1257 2930 1414 2970 Ieiunus
1433 2930 1668 2969 Husckkius
1687 2929 1783 2969 Mel-

107 2980 427 3075 gtusqdiandius
461 2983 495 3020 A
531 2986 653 3022 temet
681 2983 975 3022 Froehliclzius
1001 2982 1033 3022 Α
1064 2986 1103 3024 te
1141 2984 1218 3024 mei
1248 2983 1400 3022 Munro
1439 2983 1635 3024 Meusmet
1670 2984 1786 3023 Corr·

137 3046 157 3071 e
257 3047 295 3073 ιο
