2040 3372
272 104 394 146 XVIII
956 107 1268 149 TESTIMONIA

446 247 487 301 1,
508 245 587 299 27,
614 245 671 290 15
692 242 774 290 Est
797 242 950 290 animo
972 258 1152 301 uersus,
1178 258 1295 304 quos
1314 244 1439 291 nulla
1460 245 1674 292 obliteret
1696 251 1821 295 aetas
1840 247 1958 306 (Cat.

443 312 521 366 64,
536 310 665 367 232),
679 309 918 355 Conficere
1015 311 1060 367 2,
1078 311 1155 367 30,
1173 312 1232 358 10
1252 309 1519 358 candidiora
1540 312 1648 358 niue
1667 312 1784 371 (Cat.
1800 314 1878 371 80,
1893 315 1959 374 2).

575 376 681 437 eleq.
707 376 766 422 ad
788 374 851 422 Io.
877 374 1105 424 Lamolam
1130 391 1178 438 Ρ.
1210 377 1302 424 185
1329 375 1615 440 (Hermaphr.
1639 379 1703 425 ed.
1729 378 1961 442 Forbery.)

441 444 590 503 Atque
625 442 739 488 adeo
777 447 905 502 grata
941 448 1010 489 est
1046 449 1270 503 quantum
1308 457 1404 489 non
1440 450 1568 504 grata
1593 444 1771 493 Catullo
1795 445 1961 494 Lesbia

444 523 532 557 nec
567 508 697 555 Gallo
734 514 861 569 grata
895 508 1086 570 Lycoris
1131 517 1244 555 erat.
1314 509 1429 556 idem
1465 511 1730 559 Beccatellus
1774 514 1823 559 in
1867 527 1961 575 ept—

441 574 1116 637 stulishaec:epzst.9allzc.4,
1149 578 1206 623 12
1242 591 1290 637 Ρ.
1323 577 1414 625 183
1440 578 1523 635 (ed.
1550 593 1599 624 m
1637 576 1825 626 Gruteri
1845 578 1962 627 lam-

436 643 551 705 pade
591 641 735 688 Lucae
777 656 818 687 a.
862 642 1007 716 1747)
1055 657 1172 703 quos
1215 642 1435 701 (hommes
1474 643 1762 720 doctzssz'mcs)
1807 651 1962 694 certus

442 709 657 769 equidem
677 722 801 755 eram
815 708 1004 754 minime
1022 709 1394 770 reprehensuros
1411 710 1646 757 lasciuiam
1666 712 1765 759 eius
1778 711 1962 771 (Herm-

440 775 708 837 aphroditi):
747 774 919 836 quippe
956 789 1062 821 cum
1087 775 1313 837 plurimos
1337 777 1498 823 norint
1519 777 1645 825 uiros
1669 778 1833 826 doctos
1855 793 1960 840 gra-

442 858 525 889 ues
561 847 759 896 sanctos,
797 848 843 887 et
864 856 1056 902 graecos
1081 847 1127 888 et
1150 848 1352 899 nostros,
1387 843 1492 890 talia
1517 844 1800 906 scriptitasse
1823 852 1960 907 atque

439 909 563 955 inter
598 922 764 954 manus
798 907 950 955 adhuc
984 908 1160 955 uersari
1198 907 1449 967 Catullum,
1491 910 1677 958 Albium
1711 912 1960 971 Tibullum,

440 974 736 1037 Propertium
764 1010 774 1020 .
802 1009 812 1020 .
839 1009 849 1020 .
878 1010 888 1020 .
915 974 985 1036 (Ρ.
1016 976 1173 1035 185).
1240 1010 1250 1021 .
1279 1010 1290 1022 .
1325 976 1564 1024 uerissima
1600 976 1674 1024 illa
1711 977 1820 1037 (lem)
1857 979 1960 1040 qui—

442 1042 546 1088 dem
583 1055 721 1102 quam
758 1040 962 1088 Catullus
997 1041 1109 1088 dixit
1140 1037 1275 1088 ‘Nam
1311 1049 1486 1090 castum
1524 1043 1656 1091 decet
1682 1070 1739 1077 —
1767 1044 1960 1092 incitare

438 1104 639 1170 possint'
672 1109 756 1167 (=
787 1107 880 1155 Cat.
914 1110 987 1164 16,
1015 1109 1177 1169 5—9).
1320 1112 1361 1166 1,
1389 1112 1445 1158 31
1482 1125 1528 1172 Ρ.
1556 1111 1618 1159 69
1642 1110 1768 1168 ueni,
1804 1111 1960 1168 immo,

439 1182 492 1222 ut
517 1174 720 1221 Catullus
744 1174 821 1231 ait,
846 1174 969 1221 uiam
998 1189 1111 1221 uora
1135 1175 1254 1234 (Cat.
1282 1177 1361 1232 35,
1387 1177 1451 1235 7).
1589 1179 1712 1240 epaest.
1733 1192 1875 1241 camp.
1897 1179 1958 1228 34

433 1257 481 1303 Ρ.
511 1244 605 1291 360
643 1240 909 1298 maturabis,
946 1241 1102 1298 immo,
1139 1248 1191 1288 ut
1227 1241 1431 1290 Catullus
1465 1244 1549 1301 ait,
1587 1244 1710 1291 uiam
1746 1244 1960 1304 uorabis;

440 1311 503 1357 40
534 1323 581 1370 Ρ.
610 1309 704 1357 365
750 1278 1001 1355 ostendens
1048 1308 1186 1370 plane
1233 1323 1398 1356 uerum
1446 1324 1546 1357 esse
1597 1311 1720 1371 quod
1758 1311 1961 1360 Catullus

438 1382 573 1436 poeta
612 1374 771 1421 scribit
799 1369 1029 1421 ‘amantes
1052 1375 1154 1422 Non
1193 1375 1332 1436 longe
1368 1390 1391 1421 a
1422 1391 1530 1424 caro
1566 1391 1764 1440 corpore
1799 1378 1960 1426 abesse

438 1435 624 1488 uolunt'
664 1440 782 1498 (Cat.
809 1442 887 1498 66,
914 1443 1012 1498 31).

275 1514 336 1561 74
373 1508 503 1556 Xecco
531 1507 803 1556 Polentonus
839 1523 889 1555 m
925 1507 1038 1555 libro
1067 1509 1117 1555 de
1148 1509 1441 1570 scriptoribus
1476 1509 1631 1557 latmis
1661 1514 1807 1573 (quem
1843 1526 1960 1560 cerea

439 1590 612 1623 annum
642 1575 767 1640 1430
791 1574 1004 1634 absoluit)
1037 1575 1141 1623 haec
1173 1574 1302 1623 habet
1339 1576 1389 1623 de
1420 1575 1594 1624 Catullo
1620 1577 1674 1625 ab
1698 1577 1859 1626 Elusio
1894 1579 1959 1626 ed.

446 1642 561 1690 Cat.2
597 1657 647 1704 Ρ.
684 1643 779 1690 355
826 1656 884 1688 em
929 1642 1074 1689 codice
1125 1640 1330 1690 Rz'ccard.
1361 1644 1447 1690 121
1500 1651 1680 1692 enotata
1725 1644 1801 1705 (ef.
1827 1648 1960 1693 etiam

440 1709 592 1756 Ellz'sii
630 1724 678 1771 Ρ.
715 1707 822 1768 XX):
871 1708 1080 1754 conciuis
1126 1708 1224 1755 eius
1258 1708 1459 1764 (Aemilii
1491 1709 1640 1758 Macri
1680 1709 1958 1770 Veronensis)

436 1775 645 1822 Valerius
666 1774 869 1822 Catullus
891 1773 1103 1821 habetur.
1154 1774 1275 1821 bello
1300 1775 1375 1822 hic
1399 1776 1525 1823 ciuili
1549 1776 1675 1838 quod
1698 1777 1745 1824 in
1766 1777 1959 1825 Marium

439 1843 566 1890 Sulla
611 1842 756 1903 gessit
800 1847 937 1889 natus
982 1847 1075 1888 est:
1121 1847 1317 1889 mortem
1364 1850 1519 1890 autem
1553 1843 1727 1891 Romae
1772 1844 1873 1906 ipso
1909 1844 1957 1892 in

439 1909 600 1957 aetatis
635 1909 749 1956 flore
786 1908 1095 1969 (trigesimum
1141 1907 1308 1970 agebat
1342 1910 1536 1969 annum)
1573 1910 1688 1957 obiit
1723 1911 1959 1972 profectus

439 1977 494 2023 ad
520 1990 619 2022 eam
643 1975 825 2032 urbem,
862 1975 910 2021 in
949 1990 1053 2035 qua,
1090 1976 1175 2022 etsi
1199 1990 1274 2023 res
1298 1976 1484 2037 publica
1507 1977 1594 2023 iam
1623 1977 1762 2025 uariis
1797 1978 1958 2025 sactio-

440 2043 578 2089 nibus
613 2048 658 2088 et
691 2041 823 2089 bellis
857 2041 1071 2088 ciuilibus
1106 2048 1382 2103 aegrotaret,
1417 2043 1661 2104 imperium
1696 2051 1849 2091 tamen
1882 2059 1959 2092 or-

439 2109 509 2156 bis
542 2116 588 2155 et
623 2114 866 2170 poetarum
902 2107 1210 2169 amplissimus
1245 2109 1359 2156 ordo
1397 2116 1442 2155 et
1476 2109 1714 2157 literarum
1750 2111 1959 2158 omnium

439 2176 663 2237 templum
701 2182 834 2222 esset.
905 2174 1097 2221 comites
1131 2174 1254 2222 uitae
1290 2191 1345 2222 ex
1391 2176 1548 2224 multis
1593 2177 1663 2224 sui
1699 2177 1958 2225 amantissi-

439 2258 542 2290 mos
588 2242 800 2289 nominat
846 2241 905 2288 M.
943 2241 1146 2288 Tullium
1192 2245 1245 2301 (c.
1285 2243 1364 2301 49)
1411 2249 1456 2290 et
1501 2242 1722 2290 Catonem
1767 2245 1822 2302 (c.
1861 2244 1956 2304 56),

440 2309 592 2356 uirum
646 2308 971 2371 grauissimum
1023 2308 1151 2355 illum
1196 2309 1270 2355 cui
1317 2316 1476 2371 postea
1521 2309 1723 2358 Vticensi
1768 2317 1959 2372 propter

440 2376 723 2438 singularem
757 2374 899 2422 animi
935 2375 1242 2422 constantiam
1277 2381 1323 2422 et
1346 2375 1571 2424 libertatis
1594 2391 1796 2424 amorem
1823 2377 1957 2424 lacri-

440 2443 618 2490 mabilis
654 2441 835 2489 euersio
872 2441 938 2488 rei
971 2441 1183 2503 publicae
1209 2451 1570 2503 cognomentum
1596 2443 1735 2490 dedit.
1793 2458 1958 2506 poema

442 2509 607 2557 Catulli
640 2509 767 2556 adest
803 2522 947 2555 unum
985 2508 1285 2569 epithalamiis
1331 2515 1376 2556 et
1410 2509 1642 2557 amatoriis
1685 2510 1825 2557 rebus
1859 2510 1957 2572 ple-

440 2590 580 2624 num:
608 2575 829 2622 feminam
855 2575 993 2631 enim,
1020 2574 1091 2621 cui
1119 2590 1282 2622 uerum
1308 2575 1462 2623 Clodia
1490 2591 1660 2623 nomen
1687 2582 1822 2633 esset,
1847 2576 1958 2624 Les-

441 2643 564 2690 biam
600 2642 713 2689 falso
750 2647 960 2687 uocat-et
983 2641 1121 2688 basiis
1144 2642 1302 2689 multis
1326 2642 1528 2689 millibus
1553 2642 1698 2690 basiat
1721 2647 1775 2701 (c.
1803 2647 1848 2701 5,
1879 2645 1957 2703 10)

440 2717 580 2771 atque
614 2708 777 2755 labella
814 2707 912 2754 eius
948 2707 1132 2755 basians
1168 2709 1289 2755 dulci
1325 2709 1521 2769 quadam
1557 2716 1603 2756 et
1626 2710 1784 2756 stricta
1810 2709 1957 2758 basia-

441 2777 568 2822 tione
603 2789 740 2836 saepe
785 2774 966 2820 mordet
1003 2774 1079 2834 (cf.
1117 2790 1152 2821 c.
1179 2775 1345 2834 8,18).
1418 2775 1463 2821 id
1499 2775 1650 2837 lepide
1694 2775 1854 2824 scribit
1901 2776 1954 2823 ad

442 2842 707 2890 Cornelium
742 2855 878 2888 suum
915 2841 994 2901 qui
1030 2855 1176 2902 nugas
1212 2840 1310 2888 eius
1344 2841 1514 2903 aliquid
1552 2856 1650 2889 esse
1685 2849 1848 2904 putare
1883 2857 1957 2890 so-

440 2909 556 2955 leiet
593 2911 644 2969 (c.
684 2911 726 2965 1,
761 2907 824 2967 4).
899 2914 1131 2967 praeterea
1176 2908 1282 2955 haec
1325 2907 1438 2955 lzbro
1468 2916 1527 2956 11:
1571 2923 1706 2956 suum
1751 2923 1865 2956 uero
1902 2911 1956 2957 ad

443 2975 678 3021 Auielium
711 2975 765 3032 (ο.
796 2974 870 3030 16,
898 2973 946 3031 5)
984 2973 1184 3021 Catullus
1218 2974 1499 3022 Veronensis
1533 2975 1744 3023 scribens
1779 2982 1954 3024 castum

441 3056 541 3089 esse
572 3042 740 3099 ,decere
777 3054 828 3086 ac
863 3040 992 3101 pium
1029 3046 1210 3101 poetam
1248 3042 1405 3088 refert,
