2040 3372
800 116 864 162 68,
895 115 1056 155 58—85'
1239 175 1242 181 ¹
1695 113 1756 160 81

362 248 508 296 Riuus
541 246 971 309 muscoso'prosilit
1006 261 1031 294 e
1066 245 1229 308 lapide,

294 315 383 371 Qui
418 327 523 362 cum
558 314 615 360 de
648 327 798 375 prona
830 327 1053 375 praeceps
1087 318 1157 360 est
1188 311 1309 359 ualle
1342 313 1543 371 uolutuS‚

210 390 260 429 60
365 381 454 427 Per
486 380 688 426 medium
723 380 855 426 densi
888 380 1054 426 transit
1086 379 1174 426 iter
1205 378 1381 441 populi,
1718 388 1762 427 20

292 446 436 495 Dulce
470 446 633 493 uiatori
668 446 784 493 lasso
819 446 866 492 in
904 447 1073 493 sudore
1106 446 1314 492 leuamen
1550 436 1600 491 Ᾰ
1618 432 1852 526 [2261ss
1874 441 1941 494 'sa'
1953 449 2029 518 bss

366 513 480 561 Cum
513 509 685 574 grauis*
701 519 887 559 exustos
919 518 1071 559 aestus
1104 512 1276 559 hiulcat
1309 526 1458 573 agros.

292 579 394 637 Hic,
430 579 558 626 uelut
590 579 639 625 in
676 578 811 640 nigro
846 579 1022 625 iactatis
1055 578 1242 625 turbine
1276 578 1428 625 nautis

364 645 535 692 Lenius
569 645 776 706 aspirans
810 659 922 692 aura
954 645 1158 692 secunda
1191 644 1322 691 uenit

212 720 260 759 65
293 711 386 759 Iam
422 726 562 773 prece
596 711 809 769 Pollucis,
846 712 937 758 iam
972 711 1171 759 Castoris
1203 711 1462 773 implorata,
1721 718 1765 757 25

365 778 475 825 Tale
508 778 596 825 fuit
630 778 765 825 nobis
799 778 942 825 Allius
976 778 1208 824 auxilium.

292 845 336 892 ls
371 844 576 892 clussum
611 844 700 890 lato
735 845 951 906 patefecit
983 845 1126 891 limite
1161 857 1391 905 campum,

367 910 503 972 Isque
539 910 727 957 domum
762 911 897 958 nobis
929 911 1061 972 isque
1095 910 1219 957 dedit
1251 910 1474 967 dominae,

293 977 362 1024 Ad
397 991 535 1038 quam
570 991 840 1024 communes
875 991 1194 1024 exerceremus
1228 991 1423 1023 amores.

214 1052 260 1091 70
367 1043 470 1099 Quo
504 1057 606 1090 mea
638 1057 688 1090 se
722 1044 850 1090 molli
884 1043 1075 1090 candida
1111 1042 1216 1089 diua
1251 1043 1369 1105 pede
1722 1048 1767 1087 30

294 1109 454 1157 Intulit
487 1117 534 1156 et
566 1109 672 1156 trito
707 1110 961 1170 fulgentem
995 1110 1045 1156 in
1079 1109 1238 1156 limine
1274 1109 1479 1171 plantam

367 1175 527 1222 Innixa
564 1182 723 1236 arguta
757 1176 995 1223 constituit
1028 1176 1167 1232 solea,

296 1242 514 1303 Coniugis
547 1249 601 1288 ut
635 1243 867 1303 quondam
900 1243 1100 1303 flagrans
1133 1241 1323 1288 aduenit
1356 1254 1510 1288 amore

367 1308 691 1356 Protesilaeam
727 1309 976 1356 Laudamia
1010 1310 1198 1356 domum

216 1383 262 1422 ⁴75
294 1374 531 1436 Inceptam
564 1375 751 1432 frustra,
787 1376 996 1422 nondum
1031 1389 1137 1422 cum
1172 1374 1396 1434 sanguine
1432 1386 1563 1421 sacro
1723 1380 1768 1418 35

366 1441 526 1488 Hostia
561 1441 769 1488 caelestis
802 1442 1089 1503 pacificasset
1120 1442 1272 1487 heros.

293 1507 367 1554 Nil
400 1507 514 1554 mihi
546 1514 638 1554 tam
675 1508 808 1554 ualde
842 1508 1034 1569 placeat,
1067 1506 1332 1554 rhamnusia
1365 1505 1512 1567 uirgo,

366 1573 502 1629 Quod
535 1580 710 1622 temere
744 1574 904 1622 inuitis
938 1574 1215 1636 suscipiatur
1248 1572 1384 1620 heris.

296 1639 442 1695 Quam
479 1640 634 1688 ieiuna
669 1640 799 1702 pium
832 1641 1057 1688 desideret
1090 1655 1166 1688 ara
1204 1653 1417 1687 cruorem

215 1713 262 1753 80
367 1706 511 1753 Docta
546 1714 615 1754 est
647 1707 814 1754 amisso
849 1707 1098 1755 Laudamia
1132 1706 1248 1763 uiro,
1724 1712 1769 1750 40

296 1771 515 1834 Coniugis
550 1779 656 1819 ante
691 1780 849 1820 coacta
883 1777 1024 1821 nouei
1055 1773 1283 1819 dimittere
1317 1771 1487 1819 collum

371 1838 518 1894 Quam
552 1839 750 1886 ueniens
783 1855 875 1887 una
912 1846 1050 1902 atque
1085 1840 1227 1886 altera
1260 1852 1422 1886 rursus
1455 1837 1603 1884 hiems

296 1905 518 1952 Noctibus
552 1905 600 1952 in
635 1905 787 1967 longis
820 1907 1005 1954 auidum
1041 1912 1290 1954 saturasset
1321 1918 1540 1961 amorem,

370 1971 533 2019 Posset
565 1978 617 2019 ut
649 1972 843 2034 abrupto
878 1974 1040 2020 uiuere
1076 1972 1319 2033 coniugio:

219 2045 265 2084 85
300 2037 434 2093 Quod
468 2038 643 2085 scirant
677 2053 843 2100 parcae
877 2055 972 2087 non
1009 2040 1149 2100 longo
1184 2046 1393 2100 tempore
1428 2036 1591 2093 abisse,
1723 2043 1771 2082 45

231 2143 282 2182 59
310 2142 427 2182 ualde
456 2143 501 2184 V
521 2143 625 2183 colle
661 2143 884 2183 Saneenius
923 2141 938 2195 Η
977 2143 1168 2194 ιιοΙυριιιε
1211 2142 1268 2182 0*
1307 2140 1322 2194 Η
1363 2143 1414 2182 60
1451 2140 1578 2189 densi]
1621 2140 1770 2180 sensim

99 2195 308 2245 Hauptius
335 2193 350 2248 Η
377 2197 426 2238 61
458 2196 566 2236 Duce
594 2197 639 2237 V
658 2195 672 2250 Η
699 2197 896 2236 uiatorum
929 2195 986 2234 0*
1015 2196 1157 2245 [Laur.
1185 2197 1255 2245 55,
1282 2195 1349 2244 42]
1378 2193 1394 2248 Η
1428 2193 1546 2234 basso
1575 2194 1621 2235 V
1642 2193 1772 2232 Kiess-

100 2248 260 2299 lingius
289 2249 395 2288 salso
423 2251 705 2289 Baehrens-ius
747 2249 760 2301 Η
801 2249 982 2288 leuamus
1014 2250 1059 2290 V
1075 2248 1090 2301 Η
1126 2251 1178 2290 62
1207 2248 1352 2288 hiultat
1383 2247 1440 2287 0*
1466 2246 1481 2300 Η
1514 2248 1563 2287 63
1591 2246 1638 2286 Hi
1664 2247 1708 2296 (i.
1737 2260 1770 2289 e.

98 2300 184 2351 Hic)
202 2301 258 2341 G:
277 2301 319 2340 H'
337 2303 382 2352 (i.
398 2316 431 2343 e.
447 2303 566 2350 Haec)
589 2303 645 2341 0*
663 2302 678 2355 Η
696 2303 822 2342 ueluti
837 2303 950 2352 nigro
971 2315 1006 2340 ω
1024 2301 1040 2355 Η
1058 2304 1110 2343 64
1127 2302 1271 2342 Leuius
1295 2302 1339 2342 V
1348 2300 1362 2354 Η
1390 2303 1440 2341 65
1459 2301 1539 2340 lam
1558 2300 1646 2340 face
1663 2300 1772 2340 Dor-

98 2355 244 2394 uillius
257 2354 272 2407 Η
289 2355 499 2404 implorate
522 2356 566 2396 V
573 2356 773 2407 implorati
791 2356 969 2407 Heysz‘us
988 2356 1200 2407 imploratu
1219 2355 1514 2395 Lachmannus
1540 2352 1555 2406 Η
1583 2355 1633 2394 66
1654 2353 1771 2393 allius

97 2409 162 2455 (in
179 2419 316 2457 marg.
345 2407 369 2446 l’
390 2409 577 2448 manllius
606 2410 747 2448 eadem
759 2421 828 2459 pr.
848 2410 918 2459 m.)
941 2407 1012 2447 0⁸⁸.-
1039 2409 1210 2449 manlius
1234 2408 1267 2448 G
1293 2407 1450 2448 Manius
1478 2407 1773 2446 Lachmannus·

99 2459 115 2514 Η
143 2462 192 2502 67
222 2461 398 2501 clussum
439 2464 613 2513 scripsi.-
655 2462 825 2501 classum
859 2461 892 2500 G
928 2462 1114 2512 [ABHA,
1157 2462 1344 2509 classum,
1381 2473 1479 2500 corr
1514 2460 1694 2499 clausum
1721 2459 1772 2508 L]

100 2514 279 2554 clausum
313 2514 366 2553 Ο*
394 2516 528 2555 laxum
557 2515 750 2565 Scaliger
780 2513 796 2568 Η
830 2516 881 2555 68
910 2515 1093 2555 dominae
1119 2515 1436 2555 Froelzlichius:
1465 2513 1665 2553 dominam
1695 2513 1733 2553 V
1758 2511 1774 2565 Η

101 2570 152 2608 69
181 2566 236 2607 Vt
263 2567 363 2607 clam
394 2569 624 2608 Schoellius
650 2567 664 2621 Η
693 2580 882 2608 comunes
913 2568 946 2607 G
972 2566 987 2621 Η
1016 2570 1064 2608 72
1093 2569 1201 2608 Inixa
1232 2568 1264 2607 O
1290 2566 1305 2621 Η
1334 2570 1382 2608 73
1413 2578 1586 2606 amorem
1615 2566 1660 2606 V
1678 2565 1693 2619 Η
1721 2569 1773 2606 74

100 2619 261 2669 Proth(t
291 2621 503 2671 0)esileam
531 2622 730 2661 laudomia
760 2621 811 2662 V.
864 2621 1076 2661 Laudamia
1106 2623 1147 2662 h.
1172 2635 1214 2661 u.
1242 2625 1284 2660 et
1299 2633 1340 2660 u.
1359 2623 1410 2660 80
1431 2625 1469 2658 et
1486 2621 1561 2659 405
1587 2622 1774 2659 restituit

106 2674 272 2714 Vsener.
314 2674 511 2715 laodamia
551 2689 586 2715 ω
622 2674 636 2728 Η
676 2677 724 2715 75
762 2674 922 2725 Incepta
951 2675 993 2714 V
1015 2687 1113 2714 corr
1144 2675 1370 2714 Turnebus.
1424 2673 1587 2725 Incepto
1614 2673 1773 2713 Froelz-

100 2728 254 2766 lichia-s·
279 2724 294 2779 Η
322 2731 372 2768 77
400 2728 556 2768 ranusia
589 2728 622 2768 G
650 2727 821 2767 ramusia
854 2727 910 2766 0*
945 2726 960 2780 Η
996 2730 1045 2769 79
1074 2727 1261 2768 deficeret
1289 2727 1328 2768 V
1361 2725 1376 2779 Η
1414 2728 1462 2767 80
1491 2726 1693 2766 laudomia
1724 2726 1773 2776 V,

103 2780 158 2827 cf:
187 2780 245 2818 ad
269 2793 310 2820 u.
339 2782 387 2820 74
412 2780 427 2834 Η
454 2782 567 2832 uirgo
598 2781 669 2821 V*
698 2781 842 2830 [Laur.
870 2782 940 2831 55,
958 2781 1026 2830 42]
1054 2782 1140 2822 uiro
1168 2784 1214 2820 in
1242 2792 1377 2830 marg.
1395 2794 1421 2834 y
1450 2780 1572 2828 [idem
1594 2780 1774 2830 plurimi

101 2835 215 2882 boni]
243 2831 258 2885 Η
296 2835 342 2874 81
375 2835 494 2874 nouei
528 2837 700 2884 scripsi:
735 2834 848 2873 nouit
876 2834 914 2873 V
942 2835 991 2882 [Α
1021 2834 1164 2874 Venet.
1190 2834 1276 2883 407,
1304 2834 1419 2873 uouit
1444 2832 1648 2882 BCHLA]
1676 2833 1773 2872 noui

103 2887 312 2925 Auantius
338 2886 352 2939 Η
380 2888 526 2940 collum
558 2888 590 2927 G
616 2887 631 2941 Η
660 2890 709 2928 82
738 2888 880 2938 hycms
911 2886 944 2926 G
970 2887 1139 2939 hyemps
1162 2888 1193 2927 0
1219 2886 1234 2941 Η
1262 2889 1313 2928 84
1341 2887 1560 2938 abinnupto
1591 2886 1648 2925 0*
1677 2887 1774 2926 hinc

104 2939 317 2989 absumpto
353 2941 629 2980 Baehrensius
673 2940 688 2994 Η
734 2942 783 2981 85
828 2940 974 2979 scirant
1005 2940 1106 2980 Luc.
1140 2941 1336 2980 Mueller.-
1379 2939 1534 2980 scibant
1566 2939 1612 2979 V
1645 2939 1774 2979 scibat

103 2992 397 3032 Lachmannus
425 3006 544 3046 quem
573 2995 719 3034 scirant
745 2995 891 3044 Peiper
925 2991 939 3045 Η
977 2994 1118 3034 abesse
1147 3008 1182 3034 ω
1217 2994 1358 3035 adesse
1386 2993 1612 3034 Sancenius
1638 2992 1773 3033 obisse

103 3045 384 3085 Baehrensius
409 3058 491 3088 non
517 3047 637 3099 longe
666 3050 824 3099 tempus
852 3046 994 3087 abesse
1023 3047 1231 3088 Schrader

187 3109 342 3144 Catullus
1431 3114 1455 3152 6
