2040 3372
805 130 870 176 49,
898 129 1042 177 3—51‚
1072 101 1096 167 2
1723 127 1786 171 33

314 262 528 323 Quotque
563 267 670 322 post
703 260 802 308 aliis
836 267 976 307 erunt
1010 261 1057 306 in
1094 260 1241 318 annis,

315 328 491 375 Gratias
525 328 609 374 tibi
646 328 862 374 maximas
898 327 1098 374 Catullus

258 404 280 441 5
315 395 425 456 Agit·
454 394 680 456 pessimus
716 394 926 441 omnium
960 401 1112 454 poeta,

313 461 460 508 Tanto
496 461 720 523 pessimus
757 460 962 507 omnium
998 459 1133 520 poeta

314 527 497 582 Quanto
532 534 582 574 tu
619 527 819 588 optimus
854 527 1060 573 omnium
1095 534 1334 588 patronus.

114 725 179 779 50
310 722 562 781 Hesterno,
597 724 760 782 Licini,
796 724 868 771 die
905 724 1040 771 otiosi

313 793 507 839 Multum
541 792 733 839 lusimus
766 790 812 837 in
851 791 966 838 meis
1000 789 1191 847 tabellis,

310 859 370 906 Vt
404 866 688 906 conuenerat
723 872 821 905 esse
857 857 1086 904 delicatos.

314 926 534 973 Scribens
571 924 823 972 uersiculos
858 931 1055 984 uterque
1091 928 1303 969 nostrum

257 1000 279 1038 5
314 992 520 1039 Ludebat
555 1005 748 1038 numero
785 991 920 1037 modo
957 991 1046 1036 hoc
1081 989 1217 1035 modo
1256 989 1360 1035 illoc

311 1059 524 1106 Reddens
558 1066 714 1104 mutua
750 1070 835 1118 per
868 1057 1022 1103 iocum
1057 1062 1194 1116 atque
1230 1055 1407 1102 uinum.

309 1126 459 1186 Atque
494 1124 619 1171 illinc
655 1123 749 1170 abii
780 1129 860 1170 tuo
894 1122 1054 1183 lepore

313 1191 552 1247 Incensus,
587 1190 752 1246 Licini,
788 1188 1070 1249 facetiisque,

310 1258 370 1304 Vt
403 1273 490 1304 nec
525 1272 599 1304 me
634 1258 852 1304 miserum
889 1256 1018 1302 cibus
1053 1255 1247 1311 iuuaret,

233 1332 278 1372 1ο
311 1325 407 1371 Nec
441 1339 633 1372 somnus
666 1329 842 1384 tegeret
878 1323 1030 1382 quiete
1066 1321 1251 1379 ocellos,

311 1391 401 1438 Sed
436 1397 534 1438 toto
569 1390 818 1438 indomitus
854 1391 1011 1435 furore
1045 1388 1166 1434 lecto

308 1457 530 1505 Versarer
565 1457 758 1518 cupiens
792 1455 952 1502 uidere
986 1455 1151 1511 lucem,

308 1524 364 1571 Vt
399 1531 551 1571 tecum
587 1523 802 1584 loquerer
836 1522 1062 1583 simulque
1098 1527 1149 1567 ut
1183 1534 1346 1567 essem.

308 1590 365 1638 At
399 1590 573 1638 defessa
607 1590 767 1636 labore
801 1589 1283 1649 membra-postquam

233 1665 276 1704 15
309 1657 616 1705 Semimortua
650 1656 817 1703 lectulo
852 1655 1076 1711 iacebant,

310 1724 426 1781 Hoc,
461 1724 673 1781 iocunde,
707 1723 790 1769 tibi
825 1736 987 1783 poema
1023 1720 1110 1767 feci

262 1809 268 1815 ·
309 1791 376 1838 Ex
412 1805 504 1851 quo
540 1789 827 1851 perspiceres
860 1803 1014 1834 meum
1050 1786 1271 1833 dolorem.

307 1857 442 1905 Nunc
477 1857 622 1903 audax
658 1870 770 1902 caue
805 1855 879 1911 sis,
917 1867 1171 1915 precesque
1207 1859 1403 1910 nostras,

311 1924 521 1980 Oramus,
556 1937 669 1970 caue
705 1923 914 1983 despuas,
952 1920 1104 1977 ocelle,

238 1998 282 2036 20
314 1990 382 2037 Ne
416 2005 590 2051 poenas
624 1989 828 2036 Nemesis
864 1993 1078 2048 reposcat
1112 2000 1136 2031 a
1170 1992 1230 2032 te.

310 2056 390 2103 Est
423 2057 676 2103 uehemens
711 2056 817 2102 dea:
854 2054 1035 2101 laedere
1069 2053 1189 2099 hanc
1224 2057 1401 2099 caueto.

111 2237 174 2292 51
308 2237 399 2289 Ille
434 2240 498 2287 mi
527 2255 613 2303 par
648 2254 748 2287 esse
784 2204 871 2285 deo·
905 2237 1104 2294 uidetur,

308 2306 403 2364 Ille,
439 2307 479 2354 si
513 2308 580 2355 fas
615 2315 699 2363 est,
733 2307 953 2368 superare
987 2304 1120 2351 diuos

243 2482 266 2520 7
324 2484 504 2518 atronum
536 2477 569 2517 G
691 2507 695 2511 .

91 2540 94 2543 ’
240 2492 602 2574 50pInte1-slitium
631 2529 680 2580 V,
715 2529 828 2579 quod
862 2527 986 2567 titulo
1013 2526 1073 2566 Ad
1102 2526 1292 2566 lucinium
1321 2525 1506 2575 empleuit
1528 2537 1560 2574 g
1599 2524 1674 2572 [Ad
1701 2524 1786 2564 lici-

111 2587 219 2626 nium
243 2585 489 2633 ABCLAP]
517 2583 532 2637 ΙΙ
559 2587 578 2624 1
610 2583 719 2621 licini
749 2582 788 2622 V
794 2598 807 2620 .-
835 2581 971 2630 [lucini
988 2581 1042 2629 D]
1066 2578 1087 2632 ΙΙ
1114 2581 1238 2620 ociosi
1260 2581 1304 2620 V
1323 2579 1337 2631 ss
1365 2581 1388 2618 2
1418 2591 1474 2616 an
1500 2578 1540 2616 in
1569 2578 1699 2617 lueis?
1726 2578 1784 2616 in-

111 2640 240 2679 uicem
256 2639 484 2688 Sabellicus
511 2638 524 2689 ΙΙ
552 2639 575 2677 3
604 2648 711 2676 esse:
742 2635 935 2674 delicatos
953 2648 988 2672 ω
1014 2633 1027 2685 ΙΙ
1056 2635 1078 2672 5
1108 2633 1198 2672 illos
1217 2634 1273 2672 0*
1299 2633 1315 2686 ss
1344 2635 1364 2671 7
1395 2630 1546 2670 abiitV
1571 2630 1584 2682 ΙΙ
1614 2633 1637 2671 8
1665 2631 1783 2670 lacini

112 2692 231 2732 faceti
248 2692 386 2743 tuique
402 2692 439 2730 V
457 2690 594 2739 [lucini
608 2690 662 2738 D]
689 2688 706 2780 u
734 2692 783 2728 10
800 2698 961 2728 somnos
978 2687 1022 2726 V
1045 2690 1058 2738 ΙΙ
1086 2689 1134 2727 12
1154 2686 1386 2727 versaretur
1405 2685 1449 2725 V
1466 2685 1479 2735 ΙΙ
1507 2685 1555 2724 13
1570 2684 1782 2735 simulique

114 2744 169 2784 0*
196 2746 212 2797 ΙΙ
239 2748 304 2784 ᾶε
331 2745 386 2783 0.·
415 2756 570 2783 omnem
594 2743 639 2791 G,
667 2744 716 2781 a‘
745 2753 873 2781 essem
900 2742 947 2778 in
974 2752 1107 2789 marg.
1132 2752 1165 2789 g
1193 2743 1375 2789 [omnem
1392 2738 1432 2775 D
1460 2749 1617 2776 omnem
1645 2737 1692 2776 al'
1721 2749 1783 2776 es-

91 2811 195 2852 *sem
222 2799 272 2847 B]
302 2797 315 2849 ΙΙ
343 2801 393 2838 14
421 2796 481 2836 Ad
511 2796 587 2847 Vn
618 2797 679 2837 16.
713 2798 759 2835 17
788 2808 829 2834 u.
859 2794 916 2832 ad
940 2795 1003 2842 54,
1030 2793 1051 2832 4
1080 2795 1095 2846 ΙΙ
1133 2795 1180 2833 18
1210 2792 1363 2833 caueris
1389 2791 1431 2830 V
1452 2791 1465 2842 ΙΙ
1492 2791 1661 2842 pcepsqa
1693 2790 1748 2829 0*
1767 2789 1782 2842 ΙΙ

114 2854 161 2893 19
181 2852 310 2891 ocello
332 2851 370 2891 V
393 2850 407 2901 ΙΙ
436 2851 485 2890 20
506 2861 629 2900 penas
648 2860 699 2887 ne
719 2848 859 2888 messis
879 2846 1101 2898 (neJmessis
1118 2846 1166 2896 G)
1183 2847 1227 2886 V
1246 2847 1259 2897 ΙΙ
1287 2846 1493 2895 resposcat
1516 2843 1572 2882 0*
1600 2846 1783 2895 [reponat

113 2908 154 2944 et
177 2907 225 2944 in
241 2916 374 2954 marg.
395 2903 443 2942 al’
462 2901 694 2954 reposcatL
722 2903 890 2952 reponat
903 2899 1108 2948 ABCHA]
1135 2898 1149 2949 ΙΙ
1178 2903 1242 2939 ate
1260 2900 1305 2940 V
1323 2898 1337 2949 ΙΙ
1365 2899 1411 2937 21
1444 2908 1607 2936 uemens
1622 2897 1784 2936 Statius

243 2958 298 3000 51
331 2957 428 2996 Tres
442 2959 608 3006 priores
621 2957 815 3005 strophas
834 2955 956 2993 huius
976 2954 1176 2991 carminis
1197 2953 1385 2992 Catullus
1405 2952 1615 2989 conuertit
1633 2963 1687 2989 ea:
1705 2952 1783 2990 hoc

114 3011 305 3060 Sapphus
332 3012 516 3050 carmine
536 3008 706 3058 (fragm.
726 3006 960 3056 2Berglcii)
989 3019 1014 3044 a
1034 3006 1227 3054 Longino
1256 3007 1329 3056 qui
1356 3004 1515 3042 dicilur
1542 3004 1591 3042 de
1618 3005 1781 3042 sublim.

111 3065 214 3118 40,2
233 3067 424 3102 semaco.-
454 3065 662 3102 Φαίνεταί
686 3075 760 3112 μοι
786 3060 908 3110 uivus
934 3058 1022 3097 ἴσος
1044 3058 1209 3099 θεοῖσιν
1227 3061 1358 3111 ἔμμεν
1388 3054 1504 3110 ὤνηρ
1527 3053 1643 3096 ὅστις
1660 3057 1781 3095 §vow-
1849 3061 1854 3066 '

191 3127 348 3160 Catullus
695 3140 697 3143 -
1435 3124 1457 3162 3
