2040 3372
266 152 327 196 22
963 160 1025 207 30,
1057 160 1200 210 5—32,
1231 162 1253 199 2

407 297 428 334 5
464 289 589 344 Quae
626 297 675 337 tu
713 291 919 352 negligis,
957 307 1009 338 ac
1044 308 1117 340 me
1153 295 1372 342 miserum
1409 297 1579 343 deseris
1615 297 1662 342 in
1700 297 1850 344 malis:

462 356 593 405 Eheu
630 358 738 417 quid
776 359 957 414 faciant,
993 359 1074 417 dic,
1112 361 1336 420 homines,
1375 363 1508 409 cuiue
1543 362 1745 410 habeant
1779 362 1946 411 fidem?

463 450 593 497 Certe
629 458 726 497 tute
763 452 952 499 iubebas
987 453 1187 501 animam
1224 456 1417 513 tradere,
1454 457 1627 518 inique,
1662 472 1731 505 me

460 517 691 565 Inducens
728 519 774 564 in
813 533 1028 578 amorem,
1067 521 1196 582 quasi
1233 530 1326 570 tuta
1365 524 1517 570 omnia
1552 524 1614 570 mi
1650 525 1819 571 forent.

462 610 586 656 Idem
624 625 750 658 nunc
786 612 982 658 retrahis
1017 620 1062 660 te
1098 629 1151 660 ac
1185 621 1262 660 tua
1299 615 1417 661 dicta
1454 617 1606 663 omnia
1646 618 1856 678 factaque

384 684 425 722 10
460 676 631 723 Ventos
666 677 794 724 irrita
828 678 949 724 ferre
985 694 1037 726 ac
1073 681 1264 728 nebulas
1300 682 1445 729 aerias
1482 683 1610 730 sinis.

461 770 509 816 Si
543 778 592 817 tu
631 771 801 818 oblitus
838 787 898 829 es,
937 779 983 820 at
1020 774 1080 820 dii
1116 775 1445 833 meminerunt,
1482 777 1692 824 meminit
1726 777 1876 836 Fides,

461 836 587 891 Quae
624 845 668 884 te
705 846 757 884 ut
791 839 1024 900 paeniteat
1058 841 1302 902 postmodo
1340 843 1447 888 facti
1482 843 1616 890 faciet
1652 844 1732 891 tui.

256 1031 318 1086 31
372 1039 376 1058 ⁵
456 1032 619 1084 Paene
655 1038 924 1096 insularum,
963 1040 1144 1098 Sirmio,
1181 1041 1528 1102 insularumque

459 1101 627 1162 Ocelle,
666 1120 979 1167 quascumque
1015 1108 1062 1153 in
1100 1108 1385 1168 liquentibus
1420 1109 1591 1170 stagnis

455 1170 660 1232 Marique
697 1180 827 1219 uasto
864 1174 953 1220 fert
989 1181 1184 1235 uterque
1220 1175 1479 1236 Neptunus,

457 1235 604 1290 Quam
639 1246 684 1285 te
720 1239 921 1287 libenter
957 1255 1186 1301 quamque
1221 1241 1366 1288 laetus
1401 1242 1570 1299 inuiso,

401 1312 422 1348 5
457 1302 540 1350 Vix
575 1309 643 1352 mi
674 1306 772 1367 ipse
809 1307 1003 1353 credens
1040 1307 1268 1355 Thuniam
1304 1314 1439 1368 atque
1481 1308 1701 1356 bithunos

457 1370 666 1431 Liquisse
703 1387 891 1435 campos
927 1381 971 1420 et
1005 1374 1163 1421 uidere
1198 1384 1243 1421 te
1279 1375 1326 1421 in
1363 1375 1487 1421 tuto!

459 1437 494 1483 Ο
533 1439 641 1498 quid
679 1440 841 1487 solutis
878 1447 945 1487 est
978 1441 1157 1488 beatius
1194 1442 1333 1499 curis,

458 1503 571 1551 Cum
606 1521 738 1553 mens
775 1522 893 1554 onus
929 1508 1128 1568 reponit,
1165 1523 1218 1554 ac
1253 1509 1503 1569 peregrino

455 1570 633 1619 Labore
668 1574 775 1620 fessi
814 1574 1028 1621 uenimus
1063 1575 1204 1621 larem
1242 1575 1295 1621 ad
1332 1583 1543 1623 nostrum
1594 1626 1607 1637 ‚

378 1644 420 1683 10
456 1638 815 1701 Desideratoque
852 1641 1186 1701 acquiescimus
1221 1642 1355 1688 lecto.

455 1705 554 1752 Hoc
591 1713 658 1753 est
695 1708 818 1767 quod
855 1723 1002 1754 unum
1039 1716 1108 1755 est
1143 1724 1226 1769 pro
1263 1708 1498 1755 laboribus
1534 1709 1687 1755 tantis.

455 1772 603 1830 Salue,
643 1789 668 1820 o
706 1782 902 1821 uenusta
938 1774 1119 1833 Sirmio,
1157 1782 1292 1835 atque
1328 1776 1440 1821 hero
1478 1775 1647 1836 gaude:

454 1838 656 1887 Gaudete
693 1856 873 1903 uosque,
913 1856 935 1888 o
971 1841 1116 1903 lydiae
1153 1842 1278 1888 lacus
1314 1842 1485 1888 undae:

453 1905 630 1964 Ridete,
667 1908 888 1968 quicquid
924 1915 992 1955 est
1028 1909 1152 1955 domi
1189 1909 1538 1958 cachinnorum.

250 2087 316 2141 32
449 2088 646 2149 Amabo,
682 2106 783 2138 mea
820 2092 964 2140 dulcis
1000 2093 1206 2154 Ipsitilla,

450 2157 575 2206 Meae
612 2158 813 2218 deliciae,
851 2159 942 2206 mei
977 2160 1173 2222 lepores,

382 2292 404 2329 5
437 2288 564 2335 Quom
595 2297 637 2330 tu
665 2312 717 2319 —
745 2291 884 2341 malis,
920 2292 1021 2331 eheu
1050 2291 1203 2331 Mum-o
1242 2291 1349 2339 Quos
1382 2306 1416 2331 ω
1446 2291 1561 2339 Quod
1590 2292 1691 2332 Luc.
1720 2291 1895 2332 Mueller
1919 2291 1935 2345 ΙΙ

249 2344 272 2382 6
305 2341 334 2381 Ο
365 2343 497 2383 heuV
521 2342 536 2396 ΙΙ
564 2343 651 2383 dico
674 2344 718 2383 V
737 2341 751 2395 ΙΙ
781 2345 844 2384 cui
866 2357 915 2384 ne
938 2345 993 2383 O*
1022 2343 1036 2397 ss
1066 2347 1087 2384 7
1114 2358 1177 2385 me
1208 2358 1271 2385 om
1288 2347 1338 2386 V.
1392 2359 1448 2385 an
1476 2346 1679 2397 iniquius?
1709 2345 1723 2398 ΙΙ
1751 2347 1774 2387 8
1803 2345 1935 2386 omnia

248 2402 335 2436 tuta
355 2396 388 2436 G
416 2399 502 2436 tuta
521 2409 586 2436 om
606 2397 660 2436 0*
687 2396 702 2448 ΙΙ
729 2399 752 2437 9
780 2397 887 2437 Idem
906 2399 960 2436 0:
989 2397 1082 2438 Inde
1101 2399 1134 2438 G
1153 2399 1261 2448 [Inde
1282 2402 1385 2450 (δεον
1404 2400 1452 2440 al'
1472 2398 1595 2450 idem)
1611 2399 1662 2448 B]
1687 2399 1703 2448 ΙΙ
1733 2401 1781 2440 10
1802 2397 1932 2439 Vento

252 2450 290 2489 V
315 2451 330 2503 ΙΙ
357 2449 448 2489 finis
482 2450 536 2488 Ο*
563 2451 577 2502 Η
607 2453 653 2491 11
684 2453 729 2489 ut
763 2451 837 2503 Vss
866 2452 1093 2501 meminere,
1123 2458 1164 2492 at
1193 2467 1228 2491 ω

383 2502 437 2545 31
466 2504 743 2543 Inter-stiuam
771 2505 935 2543 nullum
952 2505 1000 2545 V.
1042 2504 1105 2545 Ad
1121 2505 1307 2546 Sirmium
1322 2506 1494 2546 Insulam
1509 2517 1541 2555 g
1560 2507 1607 2544 in
1625 2517 1761 2556 marg.
1803 2505 1931 2544 Para-

244 2558 437 2607 graplzus
466 2557 658 2596 caerulea
688 2561 785 2597 ante
813 2570 854 2597 u.
875 2559 895 2597 4
926 2560 972 2597 in
1005 2558 1035 2596 O
1062 2558 1076 2609 ΙΙ
1107 2561 1127 2600 1
1158 2560 1293 2599 sirmio
1319 2572 1376 2610 g.-
1405 2559 1540 2598 sirinio
1572 2559 1612 2599 V
1635 2557 1650 2610 ΙΙ
1685 2560 1709 2599 2
1738 2569 1934 2611 quascun-

251 2648 328 2687 que
352 2636 385 2675 G
405 2635 421 2689 ΙΙ
446 2639 471 2676 4
489 2637 640 2676 libente
666 2638 710 2677 V
727 2635 742 2688 ΙΙ
772 2641 794 2677 5
814 2637 934 2676 michi
958 2638 990 2677 G
1019 2620 1059 2676 1¹11
1091 2639 1122 2677 0
1148 2637 1161 2689 [Ι
1190 2638 1359 2678 crederis
1389 2641 1491 2690 (aser
1519 2637 1567 2677 al’
1597 2637 1760 2677 credens
1785 2637 1832 2688 g)
1863 2636 1897 2677 G
1917 2635 1932 2691 fl
1972 2672 1977 2679 ,,

249 2689 428 2729 thimiam
458 2694 579 2742 atque
607 2690 800 2731 bithinios
830 2690 1062 2743 (bithineos,
1089 2691 1100 2730 i
1133 2693 1274 2731 littera
1293 2703 1364 2741 ag·
1392 2704 1525 2741 erasa,
1547 2691 1594 2741 G)
1623 2691 1674 2742 V,
1703 2691 1815 2741 quod
1841 2703 1931 2730 cor-

248 2745 358 2782 reoei.
405 2742 603 2795 Thyniam
633 2748 753 2796 atque
781 2743 974 2796 bithynos
995 2759 1030 2784 ω
1057 2744 1073 2798 ΙΙ
1103 2747 1126 2785 6
1157 2748 1209 2795 te]
1240 2758 1295 2784 an
1314 2748 1406 2784 me?
1433 2744 1446 2798 ΙΙ
1475 2747 1497 2785 8
1526 2756 1639 2784 meus
1662 2743 1717 2783 0*
1753 2743 1760 2796 1
1790 2746 1838 2786 10
1868 2755 1932 2783 ac-

249 2795 467 2847 quiesimus
500 2797 556 2835 0*
583 2796 598 2849 ΙΙ
626 2799 674 2838 13
704 2796 839 2837 Gaude
863 2797 919 2835 0*
946 2797 962 2851 ῃ
987 2811 1142 2851 uosque
1173 2811 1196 2839 o
1217 2812 1270 2837 w:
1299 2810 1373 2838 uos
1403 2810 1564 2850 quoque
1585 2798 1623 2838 V
1649 2796 1664 2851 ss
1689 2798 1733 2850 ly
1762 2797 1799 2837 ie
1822 2795 1855 2836 G
1882 2796 1930 2835 li-

248 2849 313 2888 die
345 2850 375 2887 0
416 2849 528 2901 Lydii
559 2851 751 2901 Scaliger
793 2850 939 2891 Libuae
964 2852 1258 2891 Lachmannus
1299 2851 1455 2891 lucidae
1488 2851 1700 2891 Guarinus
1741 2849 1928 2902 limpidae

245 2904 458 2942 Auantizcs
498 2916 572 2943 uos
601 2916 774 2956 quoque,
802 2903 947 2944 incitae
967 2906 1146 2958 Heysius
1186 2917 1259 2945 uos
1281 2917 1441 2958 quoque
1471 2905 1546 2945 hoc
1575 2904 1639 2944 die
1659 2903 1930 2953 Rossbergius

246 2957 259 3008 Η
290 2958 339 2995 14
367 2955 508 2995 Ridere
542 2956 595 2995 0*
622 2959 637 3008 [Ι
665 2957 917 2997 cachinorum
952 2959 982 2997 0

382 3008 439 3050 32
469 3010 743 3050 Inter-statium
770 3011 932 3050 nullum
966 3013 1011 3052 V.
1068 3011 1129 3051 Ad
1155 3010 1368 3062 Ipsicillam
1394 3023 1426 3061 g
1462 3013 1507 3049 in
1534 3022 1669 3060 marg.
1726 3008 1803 3062 [Ad
1830 3009 1928 3061 Ipsi-

247 3062 382 3102 cillam
402 3062 489 3100 DA
515 3062 576 3102 Ad
604 3063 802 3115 Ipsicilam
830 3064 959 3104 Laur.
979 3067 1115 3114 55,42
1144 3063 1205 3103 Ad
1233 3064 1440 3116 Ipsitillam
1472 3063 1504 3104 C
1527 3062 1587 3102 Ad
1616 3063 1808 3114 Ipsitilam
1836 3061 1926 3112 AL]

245 3116 260 3167 Η
294 3118 312 3157 1
343 3127 454 3155 mea*
473 3115 631 3166 (fuerat
649 3116 777 3168 mead)
797 3117 853 3156 G*
883 3119 1066 3171 measLO*
1095 3119 1108 3169 Η
1135 3118 1301 3170 Ipsitilla
1319 3132 1376 3157 co.-
1404 3117 1481 3168 ipsi
1510 3116 1608 3157 thila
1629 3116 1661 3156 G
1681 3116 1778 3166 [BA
1796 3116 1926 3156 Laur.
