2040 3372
238 148 298 192 26
935 153 998 203 37,
1031 155 1171 203 1—-38‚
1203 156 1225 193 2

238 283 303 336 37
441 281 575 334 Salax
611 287 801 334 taberna
838 302 1016 348 uosque
1054 289 1426 346 contubernales,

437 354 473 398 A
510 354 704 414 pilleatis
740 369 864 401 nona
900 354 1118 402 fratribus
1154 356 1258 416 pila,

439 419 558 468 Solis
594 421 764 482 putatis
801 437 899 468 esse
935 423 1162 469 mentulas
1201 422 1345 477 uobis,

438 485 556 534 Solis
592 489 730 534 licere
767 488 984 549 quicquid
1024 496 1092 535 est
1126 489 1382 550 puellarum

381 561 402 598 5
440 552 722 601 Confutuere
760 561 804 601 et
838 562 1002 615 putare
1038 562 1216 602 ceteros
1252 554 1440 603 hircos?

435 620 521 677 An,
559 622 855 668 continenter
891 621 1015 682 quod
1050 623 1217 669 sedetis
1252 623 1414 670 insulsi

435 686 629 734 Centum
665 703 722 734 an
760 687 961 746 ducenti,
1002 703 1093 735 non
1131 689 1303 750 putatis
1338 704 1557 736 ausurum

434 754 505 800 Me
541 770 633 801 una
668 754 894 802 ducentos
929 755 1155 802 irrumare
1192 754 1428 803 sessores?

431 822 569 881 Atqui
603 827 783 882 putate:
823 836 1022 882 namque
1057 821 1198 869 totius
1232 822 1366 870 uobis

357 895 397 933 10
435 887 657 934 Frontem
692 887 911 935 tabernae
947 888 1219 949 sopionibus
1256 889 1467 935 scribam.

431 954 587 1001 Puella
624 969 730 1001 nam
764 958 870 1013 mei,
909 970 1028 1015 quae
1063 970 1165 1001 meo
1203 955 1307 1002 sinu
1343 956 1472 1017 fugit,

430 1023 587 1068 Amata
622 1028 801 1068 tantum
837 1030 1060 1083 quantum
1097 1021 1324 1068 amabitur
1358 1023 1496 1079 nulla,

431 1088 521 1134 Pro
558 1103 647 1149 qua
683 1089 794 1135 mihi
831 1096 940 1136 sunt
976 1104 1142 1150 magna
1177 1088 1295 1135 bella
1332 1096 1548 1151 pugnata,

432 1154 648 1202 Consedit
683 1155 798 1202 istic.
868 1157 987 1202 hanc
1024 1156 1134 1202 boni
1171 1156 1383 1217 beatique

352 1228 394 1266 15
432 1221 605 1269 Omnes
639 1223 813 1279 amatis,
851 1230 896 1269 et
931 1223 1131 1283 quidem,
1171 1224 1292 1282 quod
1329 1223 1570 1285 indignum
1607 1228 1690 1278 est,

432 1288 605 1336 Omnes
641 1289 794 1350 pusilli
831 1296 876 1336 et
911 1290 1130 1336 semitarii
1165 1290 1368 1336 moechi:

431 1355 500 1400 Tu
536 1362 719 1417 praeter
756 1371 918 1403 omnes
954 1371 1046 1403 une
1083 1357 1139 1402 de
1175 1356 1410 1417 capillatis,
1484 1409 1486 1411 ,

429 1422 730 1469 Cuniculosae
768 1422 1035 1470 Celtiberiae
1071 1423 1134 1469 fili

428 1488 609 1550 Egnati,
647 1504 788 1550 opaca
826 1504 964 1550 quem
1000 1490 1176 1537 bonum
1211 1490 1318 1536 facit
1353 1489 1494 1536 barba

348 1563 392 1601 20
428 1555 485 1602 Et
519 1556 634 1603 dens
669 1556 828 1603 hibera
863 1557 1110 1604 defricatus
1145 1556 1294 1603 urina.

224 1698 291 1753 38
425 1698 600 1760 Halesi,
641 1703 868 1760 Cornifici,
905 1710 984 1750 tuo
1023 1703 1211 1760 Catullo,

427 1769 583 1816 Malest
617 1785 691 1816 me
726 1771 914 1818 hercule
951 1777 996 1816 et
1031 1780 1093 1818 est
1126 1770 1369 1827 laboriose,
1434 1828 1437 1831 η

359 1873 412 1916 37
440 1875 719 1913 Interstitium
747 1875 909 1914 nullum
927 1876 974 1915 V.
1021 1874 1083 1914 Ad
1113 1873 1418 1915 contubernales
1446 1874 1492 1911 in
1510 1884 1645 1922 marg.
1661 1884 1693 1923 g
1721 1873 1736 1925 ΙΙ
1766 1875 1784 1913 1
1815 1873 1910 1912 Ati-

223 1928 305 1967 lius
332 1928 671 1967 Fortunatianus
694 1941 737 1978 p.
765 1929 860 1978 295,
880 1930 907 1969 2
937 1940 1082 1968 scazon
1109 1958 1119 1968 .
1137 1960 1146 1969 .
1163 1957 1173 1968 .
1200 1939 1319 1979 quem
1349 1931 1388 1967 et
1417 1926 1669 1966 choliambon
1698 1930 1738 1965 et
1768 1925 1909 1978 hippo-

223 1981 384 2021 naction
414 1986 571 2029 uocant,
601 1986 644 2021 ut
671 1977 807 2021 ‘Salax
829 2005 879 2010 —
901 1981 1226 2021 contubernales‘
1257 1979 1271 2033 ΙΙ
1300 1991 1459 2031 uoxque
1487 1979 1542 2018 O*
1567 1978 1582 2026 ΙΙ
1612 1981 1635 2019 2
1664 1979 1849 2029 Ρίἰοεαῑίε
1877 1979 1906 2030 (l

223 2036 358 2074 altera
389 2037 524 2085 erasa)
556 2034 588 2073 G
616 2035 629 2088 Η
656 2047 735 2074 non
765 2034 977 2075 afratribus
1009 2035 1052 2074 V
1072 2034 1085 2087 ΙΙ
1115 2037 1137 2074 3
1168 2034 1390 2075 mentualas
1423 2033 1478 2071 O*
1506 2031 1520 2081 ΙΙ
1548 2034 1569 2072 5
1602 2032 1815 2073 Confutere
1838 2033 1882 2074 V
1893 2031 1908 2085 Ι

223 2088 370 2140 hyrcos
401 2087 439 2127 V
466 2088 609 2127 hinnos
637 2089 851 2127 Bonnetus
878 2088 893 2140 ss
921 2090 943 2128 9
972 2088 1025 2127 At
1054 2089 1121 2139 qui
1152 2089 1196 2128 V
1217 2087 1230 2138 ΙΙ
1257 2088 1417 2138 iamque
1446 2086 1635 2124 Handius
1661 2085 1675 2138 ΙΙ
1703 2086 1833 2127 tocius
1856 2087 1904 2134 V,

221 2142 319 2180 inde
347 2141 471 2181 totius
487 2154 519 2191 g
545 2142 558 2190 ΙΙ
590 2143 637 2182 10
667 2141 912 2193 scipionibus
931 2141 1001 2180 uel
1019 2141 1300 2192 scorpionibus
1322 2155 1357 2179 ω
1386 2139 1669 2191 scriptionibus
1685 2139 1905 2180 Mar-cilius

221 2194 499 2287 {aazias
514 2195 732 2288 -Ηέζῗίἴιῖε
751 2195 988 2288 ῗΡέἓὲἷἪΞ
1012 2196 1274 2302 tzitta-utut
1277 2192 1837 2298 ³53i¹³uzstt²⁴i²1⁰cl¹mssssffiz¹
1840 2205 1904 2286 ³0¹¹:

218 2302 232 2353 ΙΙ
263 2303 311 2342 16
341 2301 499 2353 pussilli
523 2302 577 2340 0*
596 2302 609 2354 Η
631 2302 821 2342 semitarii
849 2262 975 2351 (inqrii
997 2306 1057 2340 est
1081 2314 1234 2341 rasura
1255 2304 1295 2340 et
1314 2262 1569 2349 cog-ectum)
1593 2298 1625 2339 G
1645 2299 1828 2340 semitani
1846 2299 1903 2339 0*

219 2354 233 2407 ss
261 2355 418 2395 moechi
451 2355 502 2394 0:
531 2356 660 2395 meehi
692 2355 724 2394 G
751 2354 765 2407 ΙΙ
793 2357 905 2395 inter
931 2368 972 2396 u.
991 2356 1037 2395 46
1058 2360 1097 2394 et
1109 2355 1156 2394 47
1184 2356 1461 2394 interstitium
1489 2353 1650 2393 nullum
1677 2354 1723 2392 in
1753 2353 1802 2404 V,
1830 2354 1904 2393 sed

220 2409 287 2450 ad.
333 2421 371 2449 u.
394 2409 441 2448 47
467 2411 513 2448 in
541 2421 676 2459 marg.
705 2409 928 2459 adscripsit
946 2421 978 2459 g
1006 2408 1067 2448 Ad
1087 2408 1298 2460 Egnatium
1329 2408 1614 2457 [interstitium
1641 2419 1735 2446 cum
1763 2406 1903 2446 eodem

221 2464 343 2502 titulo
372 2465 418 2502 in
446 2462 730 2511 ABCDHLA]
759 2462 772 2513 ΙΙ
802 2465 847 2503 17
879 2463 971 2512 une]
1002 2475 1090 2501 sscr
1117 2462 1165 2501 al’
1195 2474 1274 2501 vno
1299 2474 1331 2512 g
1357 2460 1370 2514 ΙΙ
1403 2462 1449 2501 18
1481 2460 1700 2500 Celbiberie
1724 2460 1755 2499 0
1783 2459 1903 2500 Celti-

221 2515 304 2556 beri
337 2515 368 2555 G
406 2515 419 2567 ΙΙ
460 2518 519 2557 17.
553 2518 599 2557 18
629 2517 870 2555 Priscianus
896 2518 934 2566 5,
953 2516 1002 2555 77
1022 2528 1067 2566 p.
1096 2516 1184 2566 488,
1201 2516 1315 2556 2411.
1343 2509 1477 2554 ‘unus'
1510 2513 1602 2564 quia
1635 2512 1684 2553 de
1712 2513 1899 2554 uocatiuo

221 2569 381 2620 quidam
410 2569 615 2619 dubitant,
645 2569 770 2620 Caper
800 2598 810 2608 .
833 2597 844 2608 .
870 2598 880 2608 .
905 2600 913 2609 .
945 2568 1119 2608 ostendit
1147 2570 1223 2609 hoc
1251 2580 1366 2609 usum
1397 2566 1595 2607 Catullum
1632 2570 1674 2606 et
1701 2565 1900 2619 Plautum.

222 2623 399 2662 Catullus
427 2619 503 2662 ‘Tu
534 2626 690 2673 praeter
709 2633 847 2662 omnes
874 2634 950 2662 une
971 2622 1020 2662 de
1049 2622 1247 2674 capillatis
1269 2621 1538 2661 Celtiberosae
1559 2619 1795 2661 Celtiberiae
1814 2613 1900 2662 fili’.

220 2676 328 2715 idem
346 2678 382 2726 7,
396 2677 452 2717 22
467 2689 510 2727 p.
526 2677 618 2724 505,
638 2677 724 2716 811.
753 2671 793 2715 ‘o
822 2672 921 2715 filie’
955 2678 994 2715 et
1020 2670 1059 2715 ‘o
1088 2672 1180 2715 fili'.
1223 2675 1356 2715 Liuius
1378 2672 1627 2713 Andronicus
1643 2702 1763 2715 .....
1779 2669 1898 2715 filie'.

223 2728 400 2769 Catullus
430 2733 563 2770 autem
590 2726 666 2770 ‘Tu
694 2732 851 2780 praeter
879 2751 930 2757 -—
960 2725 1050 2769 fili'.
1102 2732 1249 2780 priore
1277 2729 1487 2768 Prisciani
1515 2726 1604 2766 loco
1635 2739 1796 2776 omnes,
1819 2739 1897 2779 po-

218 2784 396 2821 ster-iore
421 2787 591 2833 praeter
619 2783 706 2824 cod.
736 2783 868 2822 colon.
897 2784 990 2832 202,
1029 2782 1127 2822 olim
1155 2781 1399 2822 darmstad.⁰
1431 2794 1463 2819 s.
1491 2778 1562 2827 XI,
1601 2781 1647 2819 in
1676 2793 1755 2831 quo
1785 2779 1897 2821 cuni-

220 2835 381 2876 culosae
411 2836 579 2887 legitur,
608 2837 752 2876 itidem
782 2848 920 2875 omnes
938 2837 1150 2875 Prisciani
1178 2835 1277 2874 libri
1303 2834 1565 2874 celtiberosae
1585 2834 1749 2875 habent.
1790 2833 1899 2874 illud

221 2888 477 2929 cuniculosae
507 2890 634 2940 (quod
658 2892 703 2929 in
733 2890 863 2929 colon.
885 2890 966 2929 202
995 2902 1127 2940 neque
1155 2890 1200 2928 in
1229 2901 1381 2928 rasura
1410 2890 1449 2926 et
1477 2899 1502 2925 a
1526 2888 1668 2937 prima
1696 2899 1823 2927 manu
1851 2889 1898 2927 in

218 2943 346 2982 Prisc.
365 2942 402 2992 7,
416 2943 471 2983 22
492 2946 695 2994 scriptum
714 2956 798 2982 esse
821 2942 927 2982 Guil.
946 2942 1196 2982 Schmitzius
1216 2941 1472 2981 Coloniensi-5
1499 2939 1603 2978 milii
1630 2944 1803 2980 testatus
1822 2943 1895 2991 est)

219 3009 276 3088 αὖ*
270 2997 407 3035 scriba
423 2996 593 3087 {obliget-9
622 3010 674 3036 ατ
695 2996 849 3037 Catulli
876 2996 1016 3035 codiee
1044 2996 1221 3047 quodam
1252 2995 1510 3046 desumptum
1535 2996 1596 3031 est
1621 2993 1635 3046 ΙΙ
1666 2995 1713 3036 19
1743 2993 1894 3046 opacha

298 3051 311 3103 Η
350 3100 406 3144 38
437 3096 712 3142 Inter-sisciam
749 3101 911 3141 millum
943 3103 987 3142 V
1012 3102 1025 3154 ΙΙ
1069 3105 1084 3142 1
1116 3101 1218 3141 Male
1258 3105 1318 3141 est
1347 3100 1380 3140 si
1411 3099 1586 3140 carnifici
1616 3099 1660 3139 V
1684 3102 1699 3154 ΙΙ
1738 3100 1761 3139 2
1790 3099 1894 3140 Male
