2040 3372
821 109 883 156 64,
916 109 1122 149 192—220
1737 111 1800 157 63

254 239 422 296 Quare,
458 240 576 286 facta
611 240 763 286 uirum
797 241 1074 288 mulctantes
1107 241 1291 288 uindice
1332 257 1483 302 poena

252 305 546 361 Eumenides,
583 305 752 366 quibus
787 307 992 367 anguino
1027 308 1236 354 redimita
1272 309 1437 368 capillo

252 372 403 420 Frons
437 372 687 433 expirantis
721 380 986 434 praeportat
1018 374 1218 434 pectoris
1252 374 1356 430 iras,

152 445 218 484 195
251 439 354 485 Huc
388 440 480 485 huc
514 438 772 495 aduentate,
808 455 934 486 meas
969 441 1120 487 audite
1156 441 1398 500 querellas,

252 506 375 560 Quas
410 519 511 566 ego,
547 519 647 561 uae,
684 506 852 552 misera
888 507 1103 554 extremis
1139 507 1347 567 proferre
1385 509 1597 556 medullis

252 571 403 633 Cogor
437 572 574 633 inops
607 572 775 619 ardens
809 573 980 619 amenti
1017 587 1150 620 caeca
1183 573 1357 620 furore.

251 637 380 692 Quae
414 638 636 698 quoniam
671 652 808 685 uerae
845 647 1100 687 nascuntur
1133 647 1322 700 pectore
1358 640 1414 687 ab
1452 642 1561 700 imo,

250 704 341 751 Vos
377 704 519 751 nolite
554 703 647 765 pati
684 713 895 752 nostrum
932 720 1183 753 uanescere
1217 706 1408 762 luctum,

91 821 94 825 ,
148 777 215 816 200
250 769 339 817 Sed
376 770 503 831 quali
535 771 677 817 solam
712 772 918 818 Theseus
953 787 1026 818 me
1061 779 1217 818 mente
1254 773 1453 834 reliquit,

250 836 346 883 Tali
382 845 551 894 mente,
589 837 713 894 deae,
749 839 953 885 funestet
987 854 1128 899 seque
1163 833 1394 900 suosque?

247 903 341 951 Has
376 910 621 964 postquam
656 912 829 951 maesto
864 906 1070 966 profudit
1103 914 1293 965 pectore
1333 921 1475 954 uoces

248 969 534 1032 Supplicium
570 970 719 1017 saeuis
755 986 1009 1031 exposcens
1044 972 1176 1018 anxia
1212 972 1357 1028 factis,

246 1036 426 1084 Annuit
459 1036 631 1084 inuicto
667 1037 918 1084 caelestum
953 1037 1144 1084 numine
1180 1046 1350 1095 rector,

144 1109 211 1148 205
249 1102 352 1157 Quo
388 1112 505 1150 nucu
541 1103 674 1150 tellus
709 1110 846 1163 atque
881 1104 1067 1150 horrida
1103 1112 1489 1152 contremuerunt

245 1171 459 1230 Aequora
494 1169 822 1230 concussitque
857 1170 1072 1216 micantia
1108 1170 1254 1217 sidera
1293 1173 1509 1219 mundus.

245 1235 349 1296 Ipse
383 1243 536 1282 autem
573 1250 705 1282 caeca
742 1244 943 1282 mentem
979 1236 1174 1297 caligine
1211 1237 1417 1285 Theseus

246 1301 463 1349 Consitus
499 1302 642 1348 oblito
679 1302 850 1350 dimisit
884 1310 1074 1364 pectore
1110 1312 1276 1350 cuncta

243 1367 372 1423 Quae
407 1369 618 1415 mandata
654 1369 784 1429 prius
819 1369 1053 1416 constanti
1087 1378 1243 1416 mente
1277 1371 1478 1428 tenebat,

143 1441 210 1482 210
242 1434 403 1482 Dulcia
439 1450 527 1482 nec
562 1444 734 1482 maesto
771 1436 1020 1483 sustollens
1055 1436 1186 1496 signa
1222 1438 1404 1497 parenti

242 1501 470 1563 Sospitem
507 1501 786 1549 erechtheum
821 1517 870 1549 se
906 1502 1106 1549 ostendit
1141 1503 1289 1549 uisere
1325 1510 1525 1564 portum.

240 1568 448 1629 Namque
482 1569 639 1615 ferunt
675 1568 796 1625 olim,
836 1579 987 1616 castae
1022 1583 1127 1615 cum
1164 1570 1349 1616 moenia
1386 1570 1518 1618 diuae

241 1634 551 1695 Linquentem
587 1643 778 1696 gnatum
816 1637 968 1682 uentis
1004 1636 1304 1682 concrederet
1340 1638 1532 1697 Aegeus,

242 1701 365 1748 Talia
401 1702 692 1762 complexum
726 1702 886 1748 iuueni
920 1703 1131 1748 mandata
1167 1703 1359 1749 dedisse.

140 1774 206 1814 215
237 1762 404 1815 ‘Gnate
439 1768 550 1814 mihi
584 1768 719 1828 longe
752 1768 996 1814 iocundior
1031 1770 1168 1814 unice
1204 1769 1312 1825 uita,

243 1833 403 1890 Gnate,
441 1849 526 1894 ego
564 1849 700 1894 quem
734 1834 781 1880 in
820 1834 983 1881 dubios
1017 1849 1160 1894 cogor
1194 1835 1423 1881 dimittere
1458 1851 1605 1896 casus,

242 1899 437 1947 Reddite
472 1901 520 1946 in
557 1909 758 1947 extrema
795 1916 946 1962 nuper
979 1901 1091 1947 mihi
1125 1902 1217 1948 fine
1253 1911 1481 1959 senectae,

243 1966 626 2028 Quandoquidem
663 1968 848 2014 fortuna
884 1982 984 2013 mea
1021 1982 1072 2014 ac
1109 1974 1187 2014 tua
1221 1969 1398 2014 feruida
1432 1969 1580 2017 uirtus

241 2033 391 2095 Eripit
425 2034 572 2080 inuito
608 2034 717 2080 mihi
752 2043 811 2090 te,
848 2035 922 2080 cui
955 2034 1169 2095 languida
1205 2035 1412 2080 nondum

140 2107 208 2146 220
242 2099 437 2146 Lumina
472 2107 582 2147 sunt
614 2101 740 2161 gnati
775 2114 880 2147 cara
914 2109 1115 2147 saturata
1151 2102 1310 2162 figura,

246 2297 320 2336 192
348 2309 450 2347 pena
472 2297 511 2337 V
536 2297 550 2348 ss
581 2299 657 2338 194
676 2295 865 2348 p9portat
888 2298 943 2336 0*
962 2299 1039 2345 (est
1053 2301 1223 2348 proprie
1243 2303 1485 2349 postportat,
1507 2297 1561 2345 cs:
1579 2299 1634 2337 acl
1647 2301 1707 2348 64,
1721 2301 1785 2349 44)

105 2348 122 2400 Ι
153 2350 226 2389 195
257 2353 354 2388 ante
382 2362 490 2389 meas
519 2353 564 2388 in
597 2349 652 2390 G*
682 2355 740 2388 est
768 2364 936 2400 rasura,
963 2353 1022 2389 ibi
1048 2351 1179 2398 fuisse
1198 2353 1369 2390 uidetur
1390 2362 1412 2400 7
1434 2353 1500 2399 (=
1520 2352 1574 2400 et)
1601 2353 1615 2401 ΙΙ
1645 2365 1786 2402 quere-

106 2401 166 2440 las
199 2401 232 2441 G
259 2402 274 2453 ΙΙ
304 2404 379 2443 196
408 2415 482 2442 uae
512 2404 680 2443 miserae
710 2418 745 2442 ω
774 2404 788 2456 ΙΙ
824 2417 871 2443 ex
900 2405 989 2442 imis
1019 2405 1196 2451 Vulpius
1228 2406 1242 2453 Η
1280 2404 1451 2456 professre
1485 2405 1515 2443 0
1544 2404 1557 2454 ΙΙ
1586 2406 1661 2445 198
1690 2418 1785 2445 uere

107 2454 173 2503 (ιῖἐ
206 2455 253 2503 O)
284 2455 364 2503 Vll
391 2458 467 2497 200
498 2457 627 2507 qualis
656 2457 742 2496 sola
775 2459 818 2497 V
837 2458 849 2505 ,n
877 2457 1047 2508 reliquid
1079 2457 1133 2496 0*
1160 2458 1174 2507 11
1204 2461 1278 2499 201
1309 2458 1483 2497 fimestet
1511 2459 1626 2506 (corr
1649 2460 1698 2508 g)
1729 2459 1786 2498 G*

105 2512 119 2559 ΙΙ
149 2511 226 2550 203
255 2522 312 2547 cm
339 2510 500 2549 saucia?
528 2508 543 2559 ΙΙ
570 2512 648 2550 204
676 2511 802 2549 inuito
837 2511 880 2549 V
911 2509 925 2561 ΙΙ
968 2513 1042 2551 205
1073 2510 1159 2557 Quo
1189 2517 1286 2551 nutu
1316 2516 1414 2561 post
1442 2511 1573 2549 Feam
1608 2514 1783 2562 scripsi:

108 2562 194 2610 Quo·
223 2564 291 2602 tfic
318 2564 373 2611 (ῑὲ
407 2564 452 2613 0)
471 2564 510 2604 V
535 2562 621 2608 Quo
652 2569 761 2603 motu
784 2564 960 2614 Heysz‘us
989 2563 1075 2610 Quo
1105 2565 1235 2603 tonuit
1262 2564 1422 2603 Riesius
1451 2563 1660 2609 Quomodo
1690 2572 1786 2605 tunc

109 2615 230 2656 tellus
257 2616 326 2654 uel
354 2616 441 2663 Quo
472 2622 566 2656 tunc
595 2622 634 2656 et
665 2631 699 2655 ω
727 2618 740 2668 ΙΙ
770 2619 844 2656 207
875 2623 1008 2656 mente
1039 2618 1082 2656 V
1104 2618 1118 2669 ΙΙ
1148 2620 1224 2658 208
1254 2622 1372 2657 cunta
1405 2617 1461 2656 G*
1490 2618 1503 2666 ΙΙ
1532 2620 1608 2658 210
1637 2618 1785 2658 Lucida

112 2668 395 2716 Wakefieldus
436 2669 452 2717 11
492 2670 694 2709 sustolens
726 2670 758 2709 G
788 2671 921 2719 [BA],
959 2683 1056 2709 corr
1078 2683 1110 2720 g
1149 2671 1408 2720 [substollens
1437 2670 1475 2708 D
1507 2671 1640 2711 Vatlc.
1669 2672 1783 2720 4650]

110 2720 164 2768 cl}
194 2722 252 2760 ad
275 2723 357 2762 255
385 2722 400 2776 ΙΙ
429 2725 502 2763 211
536 2723 800 2763 Erechtheum
833 2724 1025 2763 Vossius:
1055 2730 1233 2775 ereptum
1263 2724 1301 2763 V
1326 2722 1342 2775 ΙΙ
1369 2724 1523 2763 uiscere
1555 2723 1601 2774 G,
1629 2736 1727 2763 corr
1750 2737 1784 2775 g

110 2777 126 2826 ΙΙ
152 2776 231 2815 212
261 2781 393 2815 castae
423 2790 484 2814 co.-
519 2777 637 2816 classi
671 2777 715 2816 V
734 2777 748 2828 ΙΙ
783 2777 965 2815 moenico
994 2777 1038 2817 V
1072 2777 1086 2828 ΙΙ
1127 2779 1201 2817 213
1234 2790 1322 2816 cum
1352 2777 1530 2816 crederet
1558 2789 1680 2827 egens
1707 2778 1751 2818 V
1769 2779 1784 2829 ΙΙ

109 2829 188 2868 214
216 2827 444 2881 [complexo
471 2829 600 2878 ADL]
629 2829 642 2880 l}
672 2832 748 2871 215
779 2829 897 2869 Gnati
920 2831 975 2868 0*
999 2830 1015 2882 ΙΙ
1043 2830 1162 2879 longa
1194 2831 1244 2880 V,
1274 2843 1371 2869 corr
1398 2831 1635 2878 Hoeufftius
1660 2831 1674 2882 Η
1704 2833 1779 2872 216

109 2884 242 2932 quem]
272 2886 342 2934 qffi
377 2883 431 2921 0*
460 2883 504 2931 (i.
535 2897 566 2921 e.
593 2885 765 2933 proprie
794 2883 1004 2933 quoniam,
1033 2885 1145 2934 quod
1179 2886 1332 2934 ubique
1370 2883 1508 2922 eodem
1537 2886 1782 2935 compendio

109 2936 312 2985 seriptum
342 2940 414 2986 est,
443 2935 498 2982 cf.
516 2937 576 2983 64,
606 2938 699 2977 205.
727 2938 787 2985 64,
815 2937 901 2975 498.
929 2939 989 2979 68,
1018 2939 1054 2976 9.
1083 2939 1146 2984 99,
1173 2938 1238 2987 45)
1266 2937 1279 2988 ΙΙ
1309 2939 1385 2977 217
1415 2940 1510 2975 ante
1538 2938 1615 2978 216
1645 2942 1780 2977 trans—

103 2991 248 3037 posuit
275 2990 554 3028 Baehrensius
591 2988 608 3041 ss
648 2989 803 3029 Rediite
835 2989 890 3037 G,
920 3002 1017 3028 corr
1048 2989 1099 3029 G1
1139 2990 1153 3043 ΙΙ
1194 2995 1394 3030 extremae
1422 2990 1633 3030 Auantius
1660 2992 1674 3045 ΙΙ
1702 2994 1778 3031 219

110 3040 175 3080 cui
206 3041 259 3079 0.·
288 3045 364 3093 quE
398 3042 455 3082 G*
482 3056 570 3082 sscr
598 3043 646 3081 al'
676 3044 738 3083 cui
764 3051 828 3093 g.'
856 3055 910 3081 an
940 3043 1063 3094 quoi?
