2040 3372
219 137 283 182 44
907 143 972 191 61,
1003 143 1210 183 146—173

631 275 812 323 Scimus
845 276 960 323 haee
994 276 1076 323 tibi
1114 292 1231 338 quae
1265 277 1409 326 licent

637 343 743 390 Sola
778 343 986 403 cognita:
1023 343 1104 390 sed
1140 345 1304 392 marito

634 409 724 457 Ista
759 424 856 456 non
893 410 1052 457 eadem
1087 410 1242 458 licent.

637 476 676 524 Ο
711 476 891 538 Hymen
928 477 1191 539 Hymenaee
1227 478 1287 536 io,

532 551 599 590 150
637 543 676 590 0
711 543 892 605 Hymen
928 543 1205 606 Hymenaee.

630 678 797 740 Nupta,
832 684 884 725 tu
920 693 1107 740 quoque
1143 693 1260 740 quae
1294 686 1402 727 tuus

631 744 711 790 Vir
745 752 873 806 petet
907 760 1019 792 caue
1057 761 1116 792 ne
1152 760 1309 806 neges,

631 811 687 858 Ni
723 812 917 873 petitum
953 812 1138 859 aliunde
1174 820 1261 860 eat.

634 877 673 924 0
711 878 890 941 Hymen
926 879 1194 942 Hymenaee
1229 880 1290 938 io,

527 953 593 991 155
630 945 669 992 Ο
705 946 884 1008 Hymen
920 947 1193 1009 Hymenaee.

630 1075 701 1126 En
737 1079 833 1135 tibi,
855 1080 1020 1127 domus
1056 1087 1108 1127 ut
1142 1087 1311 1142 potens

627 1146 687 1193 Et
720 1145 851 1194 beata
886 1147 976 1194 uiri
1011 1148 1103 1194 tui:

629 1213 758 1268 Quae
794 1213 878 1260 tibi
914 1214 1014 1261 sine
1048 1214 1224 1262 seruiat

627 1280 687 1339 (Ο
722 1280 904 1343 Hymen
940 1281 1205 1343 Hymenaee
1240 1282 1300 1338 io,

527 1354 593 1394 160
629 1346 668 1393 0
704 1347 885 1410 Hymen
922 1348 1200 1410 Hymenaee)

626 1479 780 1540 Vsque
817 1480 926 1527 dum
962 1481 1212 1527 tremulum
1247 1496 1444 1530 mouens

627 1545 751 1593 Cana
784 1553 969 1609 tempus
1003 1548 1184 1595 anilitas

626 1613 794 1661 Omnia
830 1614 1046 1662 omnibus
1081 1615 1260 1662 annuit.

628 1681 667 1727 Ο
702 1681 883 1743 Hymen
921 1681 1183 1743 Hymenaee
1218 1679 1277 1740 ie,

524 1755 589 1794 165
626 1746 665 1794 O
702 1748 882 1811 Hymen
919 1748 1192 1811 Hymenaee.

625 1881 846 1928 Transfer
881 1882 1036 1929 omine
1072 1896 1177 1929 cum
1214 1881 1340 1929 hono

623 1948 787 1995 Limen
824 1949 1038 1996 aureolos
1073 1950 1228 2010 pedes,

625 2015 941 2077 Rassilemque
976 2015 1080 2064 subi
1115 2017 1276 2064 forem.

626 2081 664 2127 Ο
700 2082 879 2144 Hymen
915 2082 1181 2144 Hymenaee
1215 2083 1276 2141 io,

521 2155 587 2194 1ῖο
624 2148 663 2195 0
697 2149 877 2211 Hymen
915 2149 1189 2212 Hymenaee.

620 2282 785 2343 Aspice
819 2284 943 2329 intus
977 2289 1029 2329 ut
1063 2283 1292 2331 accubans

622 2348 701 2394 Vir
733 2356 841 2396 tuus
874 2349 993 2411 tyrio
1029 2350 1077 2396 in
1112 2357 1216 2396 toro

620 2415 765 2463 Totus
799 2416 1037 2463 immineat
1072 2417 1169 2464 tihi.

338 2561 412 2599 146
442 2559 574 2598 Simus
606 2559 662 2598 0*
699 2557 714 2609 ΙΙ
749 2559 868 2611 tibiqa
899 2561 948 2609 V,
976 2562 1075 2601 inde
1103 2562 1175 2602 tibi
1205 2566 1229 2614 ᾷ
1260 2563 1327 2612 (--
1356 2563 1472 2615 quae)
1497 2575 1529 2613 g
1555 2563 1569 2616 ΙΙ
1601 2565 1675 2604 149
1704 2563 1761 2611 (et
1787 2565 1886 2604 item

201 2612 285 2651 454.
303 2611 389 2652 459.
405 2612 488 2652 464.
504 2613 588 2652 469.
604 2613 687 2652 474.
702 2613 786 2653 479.
801 2614 887 2654 484.
903 2615 992 2664 489)
1021 2615 1067 2665 Ο]
1096 2615 1136 2655 Io
1162 2616 1201 2656 V
1227 2615 1241 2667 [Ι
1271 2619 1345 2656 150
1373 2618 1430 2665 (et
1455 2618 1553 2655 item
1582 2617 1666 2656 460.
1685 2617 1771 2658 465.
1793 2617 1883 2668 470)

201 2677 266 2703 om
298 2665 354 2703 O*
395 2666 436 2705 10
465 2667 613 2719 hymen
643 2667 840 2719 hymenee
875 2668 914 2708 io
947 2668 979 2707 G
1005 2668 1019 2720 ΙΙ
1052 2672 1121 2710 151
1155 2676 1247 2710 tuus
1279 2670 1310 2708 0
1339 2672 1394 2718 [et
1418 2669 1639 2720 plerique]:
1670 2670 1749 2711 tuis
1780 2670 1883 2722 G[D]

198 2719 213 2770 ΙΙ
244 2719 317 2758 152
347 2723 473 2769 petet]
501 2722 548 2759 in
570 2720 602 2759 G
632 2733 654 2765 e
675 2723 802 2771 prior
829 2724 874 2759 in
902 2735 1068 2770 rasura,
1097 2721 1279 2770 fortasse
1307 2727 1431 2762 antea
1458 2722 1606 2770 fuerat
1631 2736 1667 2772 a,
1696 2736 1795 2764 corr
1817 2727 1886 2779 gn

203 2774 277 2812 153
307 2771 366 2812 Ne
395 2788 430 2811 ω
458 2774 472 2827 ΙΙ
503 2776 578 2815 154
607 2773 652 2823 Ο]
682 2774 722 2813 lo
757 2773 833 2825 Vll
863 2777 937 2815 155
967 2789 1032 2815 om
1065 2777 1146 2825 V*,
1174 2776 1214 2815 Io
1244 2777 1392 2829 hymen
1422 2777 1618 2829 hymenee
1647 2778 1686 2817 io
1725 2778 1812 2818 add
1836 2781 1883 2818 in

198 2837 383 2876 marg.g
413 2828 571 2875 [eadem
600 2829 729 2866 ceteri
755 2829 801 2866 in
830 2831 965 2878 textu]
994 2829 1008 2879 Η
1037 2832 1111 2870 158
1141 2830 1326 2870 seruitV
1360 2830 1446 2870 sine
1474 2829 1555 2870 fine
1576 2832 1752 2872 seruitoe
1795 2831 1882 2872 sine

199 2877 278 2918 fine
299 2879 374 2918 erit
393 2882 607 2920 Anantz’us
633 2881 646 2932 ΙΙ
676 2883 856 2921 159.160
878 2882 929 2929 cl?
955 2884 1064 2923 adu.
1081 2884 1167 2923 449.
1183 2884 1258 2923 450
1285 2883 1301 2936 ΙΙ
1331 2885 1405 2924 162
1434 2885 1554 2934 an(nn
1573 2884 1686 2934 G)ilis
1715 2887 1800 2925 etas
1829 2885 1881 2936 V,

199 2930 270 2981 (ef.
298 2934 344 2970 in
368 2933 578 2982 glossario
608 2934 842 2974 balliolensi
868 2932 1044 2975 ‘anilitas
1074 2938 1123 2976 ab
1152 2949 1229 2976 anu
1258 2937 1460 2977 nominata
1493 2943 1574 2985 est,
1603 2937 1707 2977 sicut
1735 2950 1757 2977 a
1786 2949 1881 2980 sene

199 2982 421 3036 senectus‘)
449 2986 461 3038 ΙΙ
493 2990 567 3029 163
597 2991 746 3027 annuet
773 3002 808 3026 ω
836 2989 849 3039 Η
881 2991 967 3030 164.
996 2993 1069 3031 165
1099 2988 1153 3036 cll
1183 2990 1239 3029 ad
1254 2990 1427 3030 449.450
1455 2990 1471 3042 ΙΙ
1500 2992 1574 3032 168
1603 2990 1881 3044 Rassilemque

198 3039 233 3088 (s
255 3041 382 3089 pm‘or
409 3043 546 3091 erasa)
577 3040 633 3081 G*
674 3041 952 3094 Nassilemque
984 3044 1040 3082 0*
1067 3043 1080 3095 ΙΙ
1109 3043 1185 3083 sibi
1214 3043 1292 3095 Vu
1324 3046 1503 3085 160170
1533 3043 1587 3091 ef.
1608 3044 1881 3101 ad449A5ofl

202 3093 275 3134 171
308 3105 409 3133 unus
439 3093 488 3144 V,
518 3096 615 3134 eo'rr
645 3095 816 3146 Statius,
845 3099 988 3136 unctus
1018 3097 1219 3136 Barthius
1260 3097 1364 3137 imus
1393 3111 1428 3136 ω
1455 3098 1471 3152 ΙΙ
1500 3100 1577 3140 172
1606 3098 1723 3139 thoro
1753 3099 1799 3139 V
