2040 3372
236 99 302 144 64
918 104 982 154 64,
1011 104 1224 145 221—244

370 235 473 283 Non
511 251 596 298 ego
632 242 678 283 te
713 237 922 298 gaudens
956 238 1146 285 laetanti
1182 246 1373 301 pectore
1408 239 1599 294 mittam,

371 303 467 350 Nec
500 310 546 350 te
582 304 703 350 ferre
740 305 888 351 sinam
922 305 1138 352 fortunae
1174 306 1306 368 signa
1342 307 1588 360 secundae,

373 369 464 416 Sed
498 371 700 432 primum
736 371 902 417 multas
937 386 1204 433 expromam
1240 380 1395 419 mente
1430 373 1660 434 querellas

373 436 597 484 Canitiem
633 445 756 484 terra
792 445 930 498 atque
965 439 1119 485 infuso
1154 440 1348 501 puluere
1383 439 1589 497 foedans,

271 511 339 550 225
371 503 485 550 Inde
520 505 691 551 infecta
725 519 845 565 uago
881 507 1161 566 suspendam
1195 506 1336 553 lintea
1371 506 1506 563 malo,

372 571 565 618 Nostros
599 578 653 617 ut
687 571 838 618 luctus
875 578 1153 633 nostraeque
1188 572 1405 620 incendia
1439 573 1608 620 mentis

375 637 599 685 Carbasus
636 637 878 685 obscurata
915 633 1044 686 dicet
1079 640 1318 701 ferrugine
1351 639 1527 687 hibera.

375 704 510 759 Quod
546 704 629 751 tibi
665 704 703 751 si
740 705 886 752 sancti
923 707 1206 753 concesserit
1241 707 1393 753 incola
1428 706 1562 763 Itoni,

375 771 503 826 Quae
541 777 751 818 nostrum
790 786 938 832 genus
971 788 1022 820 ac
1056 774 1188 820 sedes
1222 773 1470 820 defendere
1505 772 1735 820 Erechthei

271 845 338 884 230
371 838 563 895 Annuit,
606 844 658 885 ut
690 839 811 885 tauri
846 853 1088 900 respergas
1124 839 1351 901 sanguine
1386 840 1607 895 dextram,

373 905 491 951 Tum
527 920 639 952 uero
675 906 813 953 facito
850 913 901 952 ut
936 907 1129 953 memori
1163 906 1247 953 tibi
1283 906 1468 953 condita
1504 907 1642 953 corde

372 971 497 1019 Haec
532 972 723 1033 uigeant
756 973 984 1030 mandata,
1022 988 1110 1020 nec
1145 973 1238 1020 ulla
1274 973 1487 1020 obliteret
1522 980 1660 1030 aetas,

372 1038 430 1085 Vt
465 1039 603 1086 simul
637 1053 693 1086 ac
730 1046 916 1087 nostros
950 1040 1158 1088 inuisent
1191 1040 1367 1087 lumina
1402 1039 1546 1097 collis,

372 1104 623 1153 Funestam
659 1114 891 1154 antennae
926 1106 1165 1169 deponant
1197 1107 1403 1168 undique
1444 1113 1622 1154 uestem

272 1179 338 1217 235
375 1172 670 1234 Candidaque
706 1173 867 1220 intorti
903 1174 1148 1221 sustollant
1183 1175 1287 1220 uela
1321 1175 1557 1229 rudentes,

374 1239 522 1294 Quam
558 1241 760 1301 primum
796 1255 997 1288 cernens
1031 1250 1082 1288 ut
1115 1242 1231 1288 laeta
1267 1241 1431 1303 gaudia
1465 1248 1622 1287 mente

373 1306 649 1368 Agnoscam,
686 1322 791 1354 cum
827 1315 873 1355 te
907 1308 1128 1355 reducem
1162 1316 1286 1355 aetas
1320 1322 1543 1369 prospera
1577 1299 1733 1354 sistet.'

372 1372 498 1420 Haec
533 1374 747 1421 mandata
783 1375 913 1435 prius
949 1375 1183 1423 constanti
1217 1382 1373 1422 mente
1407 1381 1644 1422 tenentem

371 1439 549 1488 Thesea
586 1456 674 1488 ceu
709 1441 869 1502 pulsae
904 1451 1154 1489 uentorum
1190 1442 1375 1489 flamine
1413 1441 1561 1489 nubes

271 1513 338 1552 240
373 1506 563 1554 Aerium
600 1508 725 1555 niuei
762 1509 935 1556 montis
970 1509 1147 1570 liquere
1184 1523 1421 1556 cacumen.

371 1574 430 1620 At
463 1582 609 1635 pater,
647 1582 699 1622 ut
733 1590 911 1622 summa
946 1583 1246 1637 prospectum
1284 1591 1340 1623 ex
1374 1590 1480 1622 arce
1514 1573 1703 1637 petebat

372 1642 520 1688 Anxia
555 1642 602 1688 in
641 1643 848 1689 assiduos
883 1642 1131 1690 absumens
1167 1643 1341 1690 lumina
1375 1643 1524 1699 fletus,

375 1707 490 1755 Cum
525 1709 729 1769 primum
765 1709 915 1756 infecti
952 1711 1196 1772 conspexit
1231 1710 1371 1756 lintea
1406 1709 1514 1766 ueli,

371 1774 676 1837 Praecipitem
712 1791 812 1823 sese
846 1777 1146 1837 scopulorum
1183 1792 1207 1824 e
1244 1777 1418 1824 uertice
1452 1775 1560 1823 iecit

377 1934 451 1974 221
483 1934 648 1974 lectanti
683 1933 738 1973 0*
763 1934 778 1987 11
807 1936 884 1975 223
916 1935 1098 1986 querelas
1130 1934 1163 1974 G
1191 1934 1204 1986 ΙΙ
1232 1936 1311 1975 224
1339 1933 1537 1974 Caniciem
1561 1934 1628 1984 Vll
1656 1933 1805 1973 insulso
1829 1933 1885 1972 Ο*
1911 1937 1926 1985 ΙΙ

240 1985 380 2026 sedans
410 1987 449 2027 V
473 1986 487 2036 ΙΙ
517 1989 592 2027 227
623 1987 728 2027 dicet
751 1989 799 2038 V,
829 2001 927 2027 corr
954 1988 1263 2028 Laelzmannus.
1321 1989 1490 2027 obscura
1520 1987 1661 2027 deceat
1688 1987 1758 2026 uel
1783 1985 1926 2026 doceat
2001 1995 2003 1997 ’

241 2041 404 2080 Statius
432 2041 599 2080 obscura
630 2041 736 2080 dicet
765 2042 836 2080 uel
861 2041 968 2081 dicat
997 2057 1032 2080 ω
1061 2040 1076 2094 ΙΙ
1106 2043 1183 2081 228
1214 2042 1271 2094 i(y
1295 2042 1468 2091 GJthomi
1491 2040 1568 2093 Vss
1599 2041 1677 2081 229
1705 2038 1769 2091 ac]
1798 2040 1870 2079 has
1888 2040 1926 2079 V

237 2093 253 2145 Η
281 2093 410 2132 secles
442 2094 498 2132 0*
528 2093 542 2143 ΙΙ
568 2094 779 2134 Erechthei
810 2095 1003 2134 Vossius:
1034 2095 1124 2134 freti
1155 2095 1204 2135 V.
1235 2095 1422 2134 Erechthi
1449 2094 1681 2133 Buecheler
1706 2095 1722 2146 ΙΙ
1760 2095 1835 2134 231
1866 2093 1927 2133 Ta

245 2147 298 2185 0.-
327 2145 387 2186 Tu
411 2147 443 2186 G
470 2148 484 2198 Η
515 2148 592 2187 232
623 2147 864 2188 oblifueret
891 2150 996 2197 (sser
1025 2148 1073 2187 al'
1103 2148 1291 2188 obliteret
1315 2150 1361 2198 g)
1386 2147 1430 2195 G,
1461 2148 1479 2186 f
1505 2149 1645 2187 littera
1680 2149 1733 2196 (si
1759 2147 1939 2197 quidem>

239 2200 259 2239 f
283 2203 357 2248 est,
388 2199 568 2245 fortasse
598 2214 646 2239 ea
676 2205 736 2240 est
764 2207 780 2241 t
808 2202 915 2240 male
943 2203 1119 2252 scripta)
1149 2205 1209 2240 est
1236 2215 1289 2241 σω
1309 2204 1564 2251 correctura,
1587 2204 1686 2251 post
1703 2201 1722 2239 f
1737 2213 1822 2239 una
1843 2200 1928 2250 (uel

241 2254 363 2302 duae)
392 2253 557 2293 litterae
577 2267 722 2293 erasae
740 2259 838 2293 sunl
851 2254 866 2307 ΙΙ
882 2257 958 2296 233
980 2267 1026 2294 ac
1042 2269 1100 2294 ω.-
1121 2255 1195 2294 hec
1216 2256 1259 2294 V
1272 2256 1371 2295 haec
1391 2254 1615 2305 Silligiusn
1631 2255 1708 2294 234
1728 2256 1925 2294 antenene

239 2319 290 2347 ne
323 2306 378 2346 0*
407 2311 658 2347 antennetne
691 2308 748 2347 G*
777 2310 842 2355 (ne
870 2310 1065 2348 ultimum
1096 2309 1247 2348 lineola
1277 2309 1479 2358 deletum,
1512 2320 1667 2347 rasura
1697 2311 1758 2346 est
1783 2309 1924 2358 unius,

238 2363 317 2399 uia:
346 2361 528 2399 duarum
557 2362 819 2412 litterarum,
849 2362 1031 2409 fortasse
1058 2361 1205 2409 fuerat
1231 2364 1428 2401 antennee
1457 2365 1523 2410 ne)
1564 2361 1578 2411 ΙΙ
1621 2362 1698 2402 235
1727 2361 1926 2401 sustolant

242 2414 300 2453 Ο*
327 2414 557 2454 substolant
589 2414 646 2454 G*
673 2416 865 2465 (alteram
894 2416 906 2454 l
937 2417 1020 2455 add
1044 2419 1092 2466 g)
1121 2416 1379 2465 [substollant
1399 2415 1522 2455 BDA
1547 2415 1683 2455 Vatie.
1702 2415 1805 2455 4650
1833 2414 1926 2454 sub—

240 2465 407 2508 stol¹ant
435 2468 499 2517 L].
537 2481 592 2508 an
620 2481 769 2508 uerum
797 2473 857 2507 est
884 2470 1130 2509 substollant
1155 2473 1174 2508 ?
1203 2467 1259 2516 cf.
1289 2470 1345 2508 ad
1371 2482 1412 2508 u.
1441 2469 1519 2509 240
1546 2469 1560 2520 ΙΙ
1594 2467 1701 2508 uella
1733 2468 1765 2506 0
1790 2466 1808 2520 ΙΙ
1827 2472 1926 2519 post

239 2523 316 2562 235
346 2522 541 2560 Faernus
575 2525 754 2561 inseruit
790 2535 958 2562 uersum
997 2537 1017 2562 e
1052 2523 1215 2573 Nonio,
1253 2522 1307 2569 cf.
1337 2521 1457 2569 infra
1489 2521 1645 2561 Catulli
1671 2520 1830 2571 fragm.
1856 2523 1884 2560 ὅ
1911 2521 1928 2573 ΙΙ

241 2576 318 2615 237
351 2578 477 2624 aetas]
517 2579 599 2624 [era
628 2577 682 2626 D]
712 2588 798 2616 sors
827 2591 862 2615 ω
894 2577 975 2616 sors
1006 2577 1219 2616 Auanlius
1247 2577 1347 2616 freta
1379 2598 1426 2604 —
1457 2576 1602 2616 sistent
1628 2574 1925 2614 Froeklielzius

238 2628 254 2680 ΙΙ
274 2629 440 2668 sistenst
463 2629 535 2679 G*,
562 2630 634 2669 sed
662 2632 754 2680 ipsa
772 2643 836 2680 pr.
856 2643 908 2670 m.
931 2632 992 2668 bis
1012 2631 1093 2670 litt.
1107 2630 1413 2680 paenultimam
1431 2629 1678 2679 suppunoeit,
1700 2630 1926 2678 praeterea

241 2683 412 2721 eandem
442 2683 625 2723 litteram
655 2683 807 2722 lineola
837 2683 991 2722 deleuit
1013 2697 1045 2734 g
1075 2684 1232 2732 [sistent
1251 2684 1305 2731 D]
1333 2683 1345 2733 ΙΙ
1382 2685 1458 2723 239
1489 2693 1558 2721 seu
1583 2682 1633 2731 V,
1661 2693 1807 2732 eorrg
1835 2683 1924 2730 [ceu

235 2736 443 2786 plerique]
472 2738 485 2785 ΙΙ
514 2739 591 2776 240
620 2736 792 2776 Aereum
825 2738 856 2775 0
890 2740 906 2787 ΙΙ
941 2740 1053 2776 inter
1081 2739 1208 2775 initia
1236 2749 1309 2776 uu.
1339 2738 1414 2776 240
1443 2737 1575 2775 31:241
1609 2735 1772 2774 Aetium
1801 2738 1844 2774 et
1868 2733 1922 2774 At

238 2793 353 2840 pater
380 2792 426 2828 in
450 2790 482 2828 G
503 2791 656 2829 lineola
685 2794 865 2829 curuata
894 2790 964 2841 (esi
995 2792 1051 2830 ad
1074 2791 1134 2840 47,
1157 2791 1196 2839 4)
1225 2790 1372 2829 addita
1401 2793 1464 2827 est
1492 2791 1551 2836 [in
1582 2788 1683 2827 CHL
1704 2788 1834 2827 Laur.
1852 2788 1924 2838 55,

238 2843 290 2880 42
321 2844 359 2881 Ιι.
391 2843 415 2882 l.
443 2845 720 2883 interstitium
750 2847 790 2882 et
816 2846 1039 2894 inscriptio
1067 2844 1204 2883 Fletus
1231 2843 1329 2894 Egei
1359 2842 1462 2891 (add
1486 2842 1612 2892 patris
1650 2842 1778 2881 thesei
1805 2841 1879 2890 H)]
1909 2842 1925 2893 n

238 2897 316 2935 242
347 2895 487 2945 Anxia]
518 2910 541 2935 x
573 2898 758 2936 litteram
786 2899 832 2935 in
862 2911 1016 2937 rasura
1043 2898 1214 2948 scripsit
1237 2909 1293 2946 g:
1320 2895 1487 2946 fuerat,
1515 2899 1565 2934 ut
1589 2895 1771 2944 uidetur,
1800 2893 1924 2934 Ansia

241 2949 377 2996 [Ansia
392 2950 432 2987 D
455 2951 589 2992 Vatie.
619 2952 734 2998 4650]
755 2950 769 2999 ΙΙ
788 2953 865 2992 243
895 2950 1031 2990 insecti
1063 2965 1120 2989 co:
1149 2950 1278 2989 inflati
1299 2950 1339 2989 V
1356 2948 1521 2989 infausti
1541 2948 1720 3011 Heqsius
1738 2947 1753 3001 Ι]
1772 2947 1923 2987 linthea

243 3003 275 3040 0
309 3001 325 3052 ΙΙ
360 3002 481 3042 lintea
515 3005 635 3044 sueli
674 3004 731 3043 G*
767 3005 854 3054 (sed
890 3004 907 3043 s
939 3017 1118 3055 superne
1146 3018 1169 3042 a
1202 3003 1254 3043 G¹
1288 3004 1435 3053 semel,
1473 3000 1596 3048 infra
1628 3014 1654 3040 a
1685 3013 1717 3051 g
1755 3002 1816 3040 bis
1849 3001 1924 3041 ad·

237 3060 393 3107 puncta
426 3059 499 3106 est)
526 3057 539 3107 H
566 3060 648 3098 244
677 3060 711 3106 e]
745 3067 766 3107 7
795 3060 859 3107 (=
890 3059 945 3109 et)
977 3058 1047 3109 G*,
1079 3071 1176 3097 corr
1199 3070 1231 3107 g
