2040 3372
820 111 884 160 97,
911 109 1054 159 6-99,
1083 111 1106 148 7
1737 105 1800 153 95

396 243 614 306 Gingiuas
647 257 760 290 uero
796 242 984 305 ploxeni
1012 239 1152 289 hahet
1186 240 1371 298 ueteriS‚

327 309 569 357 Praeterea
603 308 771 356 rictum
805 309 987 370 qualem
1023 308 1225 355 diffissus
1258 307 1308 353 in
1345 312 1475 353 aestu

393 376 603 424 Meientis
636 375 789 422 mulae
824 390 1006 422 cunnus
1038 374 1208 421 habere
1243 373 1375 420 solet.

328 442 414 489 Hic
448 442 587 490 futuit
620 441 786 488 multas
824 447 869 488 et
903 456 951 488 se
986 441 1095 488 facit
1130 455 1228 487 esse
1262 445 1527 495 uenustum,

250 516 294 556 10
394 508 453 555 Et
487 524 583 555 non
619 507 817 569 pistrino
851 507 1048 554 traditur
1080 513 1217 567 atque
1252 503 1417 553 asino?

330 574 478 630 Quem
514 575 644 636 siqua
678 573 875 635 attingit,
913 588 1007 620 non
1043 573 1166 620 illam
1200 587 1337 634 posse
1371 577 1587 634 putemus

397 641 584 702 Aegroti
619 640 775 688 culum
811 640 989 702 lingere
1024 637 1286 687 carnificis?

130 865 198 920 98
330 864 394 917 In
431 873 492 924 te,
529 866 567 913 si
602 866 649 912 in
688 878 974 926 quemquam,
1012 864 1101 910 dici
1135 869 1259 925 pote,
1294 862 1453 924 putide
1488 861 1618 920 Victi,

393 933 445 980 Id
482 932 604 993 quod
640 931 851 978 ucrbosis
886 930 1054 977 dicitur
1091 936 1135 976 et
1168 929 1329 976 fatuis:

329 999 419 1047 Ista
455 1013 560 1046 cum
595 999 766 1060 lingua,
803 997 842 1044 si
876 1012 988 1045 usus
1022 996 1180 1043 ueniat
1212 995 1312 1053 tibi,
1349 995 1496 1057 possis

398 1065 535 1113 Culos
570 1071 616 1112 et
648 1064 857 1126 crepidas
891 1063 1068 1124 lingere
1102 1062 1376 1123 carpatinas.

273 1141 296 1179 5
331 1133 379 1180 Si
415 1147 501 1179 nos
537 1131 727 1178 omnino
762 1130 834 1178 uis
869 1144 1032 1177 omnes
1066 1129 1278 1191 perdere,
1313 1127 1446 1185 Victi,

395 1197 583 1246 Hiscas:
621 1197 813 1244 omnino
849 1196 972 1257 quod
1007 1195 1138 1257 cupis
1173 1194 1360 1242 efficies.

134 1421 203 1476 99
337 1420 560 1485 Surripui
590 1423 689 1479 tibi,
724 1422 832 1468 dum
866 1420 1002 1478 ludis,
1038 1419 1211 1466 mellite
1246 1418 1446 1475 quenti,

396 1489 635 1537 Sauiolum
670 1488 791 1535 dulci
826 1487 1005 1534 dulcius
1039 1485 1285 1534 ambrosia.

330 1556 500 1603 Verum
536 1556 580 1603 id
615 1570 712 1602 non
748 1554 939 1615 impune
972 1553 1078 1600 tuli:
1116 1566 1316 1613 namque
1353 1550 1548 1613 amplius
1582 1550 1743 1597 horam

399 1622 626 1670 Suffixum
663 1622 710 1668 in
746 1635 924 1668 summa
956 1635 1031 1666 me
1066 1619 1257 1665 memini
1293 1633 1391 1665 esse
1426 1632 1579 1675 cruce,

275 1697 298 1735 5
331 1689 451 1737 Dum
485 1689 568 1734 tibi
603 1703 677 1735 me
709 1701 860 1749 purgo
897 1701 984 1733 nec
1018 1699 1207 1747 possum
1243 1684 1426 1732 fletibus
1460 1684 1564 1731 ullis

400 1754 650 1801 Tantillum
683 1760 866 1800 uestrae
901 1753 1085 1799 demere
1119 1751 1351 1798 saeuitiae.

330 1821 445 1868 Nam
479 1821 614 1868 simul
648 1821 693 1867 id
727 1820 900 1866 factum
936 1826 1018 1876 est,
1052 1818 1208 1865 multis
1242 1817 1383 1864 diluta
1416 1816 1579 1863 labella

267 1981 291 2020 6
318 1978 481 2030 ploxeni
499 1977 571 2016 uel
586 1975 737 2029 ploxini
759 1975 955 2017 Vossius.-
983 1974 1171 2026 ploxonio
1195 1974 1228 2014 G
1255 1974 1419 2026 ploxnio
1443 1971 1508 2013 0³⁸¹.
1552 1970 1607 2019 ef:
1632 1972 1804 2022 Quintil.

136 2034 236 2072 inst.
266 2045 327 2072 or.
357 2032 391 2080 4,
418 2033 458 2080 5,
485 2033 511 2070 8
545 2031 609 2081 (de
631 2031 858 2080 generibus
886 2029 1150 2078 barbarismi)
1180 2027 1297 2080 quale
1326 2025 1372 2066 fit
1401 2026 1434 2066 si
1463 2025 1554 2077 quis
1583 2025 1708 2065 afrum
1737 2025 1805 2064 uel

133 2085 346 2137 hispanum
371 2085 520 2123 latinae
549 2083 719 2123 orationi
747 2094 891 2122 nomen
911 2082 1070 2130 inserat,
1100 2111 1110 2123 .
1141 2112 1150 2121 .
1179 2110 1190 2121 .
1220 2080 1323 2120 sicut
1345 2080 1524 2119 Catullus
1546 2071 1805 2129 ‘ploxenum'

136 2139 238 2178 circa
267 2137 419 2178 Padum
447 2136 602 2177 inuenit
630 2140 670 2174 et
694 2136 864 2175 Festum
882 2136 965 2175 230
994 2134 1048 2175 M.
1079 2134 1290 2174 Ploxinum
1319 2133 1510 2185 appellari
1538 2133 1595 2172 ait
1624 2132 1804 2172 Catullus

135 2203 298 2243 capsum
325 2191 367 2230 in
396 2191 494 2230 cisio
523 2201 735 2240 capsamue
778 2190 964 2240 (capsaue
1007 2188 1174 2237 codem),
1215 2199 1306 2226 cum
1341 2187 1441 2226 dixit
1468 2179 1675 2237 ‘gingiuae
1707 2197 1804 2225 uero

133 2245 287 2296 ploxini
313 2244 436 2284 habet
463 2236 644 2284 ueteris'.
688 2241 744 2289 cf.
772 2242 888 2281 Paul.
915 2242 994 2281 234
1015 2240 1070 2283 Μ.
1115 2240 1326 2280 Ploxinum
1354 2241 1430 2290 (sie
1452 2238 1804 2290 guelferbytanus

133 2298 258 2346 liber,
298 2297 519 2350 ploximum
557 2297 656 2335 libri
690 2297 829 2345 ceteri)
868 2306 1027 2345 capsam
1063 2293 1246 2334 dixerunt
1285 2291 1301 2344 ΙΙ
1343 2296 1364 2334 7
1405 2291 1582 2331 diffissus
1621 2292 1805 2331 Statius:

136 2350 330 2390 deffessus
362 2351 394 2389 0
422 2350 602 2389 defessus
634 2349 666 2388 G
692 2348 706 2402 ΙΙ
742 2353 870 2388 estum
900 2348 941 2388 V
970 2347 984 2400 ss
1021 2350 1043 2388 8
1071 2346 1266 2398 Megentis
1294 2346 1363 2387 V*
1391 2345 1590 2394 [Meientis
1619 2346 1762 2393 ceteri]
1788 2343 1804 2396 ΙΙ

134 2403 257 2443 mulle
288 2403 345 2443 G*
373 2402 388 2457 ΙΙ
413 2403 537 2442 comis
568 2402 637 2451 0*,
665 2403 775 2440 unde
803 2413 955 2440 connus
983 2401 1156 2440 Ellisius
1180 2399 1195 2452 u
1226 2402 1357 2440 9-12
1384 2400 1603 2449 separauit
1629 2411 1654 2437 a
1680 2411 1804 2449 prac-

135 2458 370 2497 eedentibus
397 2456 692 2495 Lachmannus
717 2454 733 2507 ΙΙ
760 2457 784 2495 9
812 2454 854 2494 Η’
884 2455 926 2504 (i.
948 2467 980 2493 e.
1000 2453 1097 2501 Hec)
1121 2454 1176 2493 0*
1205 2453 1302 2502 [Nec
1321 2452 1407 2504 1111}
1436 2451 1531 2492 facit
1562 2451 1615 2490 0.-
1642 2450 1739 2491 fecit
1770 2449 1804 2490 G

133 2511 148 2563 ΙΙ
177 2513 225 2552 10
254 2510 440 2561 pristrino
473 2508 526 2548 0*
554 2510 832 2548 Baehrensius
858 2509 870 2552 11
903 2510 946 2548 11
980 2507 1040 2559 sic}
1071 2507 1102 2546 0

267 2562 326 2606 98
353 2564 629 2602 Interstitium
656 2562 818 2600 nullum
849 2562 893 2601 V
909 2560 923 2612 ΙΙ
954 2563 972 2600 1
1002 2562 1162 2612 inquam
1191 2571 1309 2612 quam
1339 2558 1384 2598 V
1404 2558 1580 2609 [inquam
1616 2569 1736 2610 quam
1764 2560 1805 2596 et

135 2618 181 2655 in
208 2628 342 2667 marg.
371 2615 411 2656 al
436 2620 454 2655 ῖ
481 2627 706 2667 quenquam
736 2615 785 2663 L]
826 2613 840 2665 ΙΙ
881 2617 976 2665 pote
1007 2627 1072 2653 om
1102 2614 1158 2653 0*
1184 2612 1199 2664 ΙΙ
1230 2615 1249 2654 1
1280 2615 1321 2650 et
1350 2615 1371 2652 5
1403 2611 1506 2650 Victi
1535 2623 1683 2650 nomen
1713 2623 1802 2650 eor-

134 2673 319 2720 ruptum.
346 2669 456 2709 Vetti
477 2669 634 2709 Statius
662 2667 760 2707 Vitti
790 2668 997 2718 Hauptius
1022 2665 1037 2720 ΙΙ
1064 2670 1089 2708 4
1117 2666 1340 2718 carpatinas
1364 2664 1518 2713 [ACL]:
1549 2664 1746 2715 carpatifis
1770 2662 1803 2703 G

138 2723 334 2773 carpfitiz‘is
366 2722 422 2761 0*
464 2722 686 2772 carpatians
728 2721 779 2762 al.
816 2722 1038 2773 carpatinas
1066 2721 1101 2759 B
1130 2720 1327 2771 carpatffis
1356 2719 1415 2766 Λ]
1443 2717 1458 2770 ΙΙ
1485 2720 1508 2758 5
1538 2729 1614 2758 uos
1645 2717 1703 2756 O*
1739 2715 1753 2768 ΙΙ
1778 2718 1802 2756 6

136 2775 275 2815 Hiscas
307 2776 497 2816 Vossius:
524 2776 664 2815 Discas
691 2774 737 2814 V

266 2827 326 2870 99
352 2830 626 2868 Interstitium
650 2828 812 2867 nullum
843 2827 885 2867 V
905 2825 919 2879 ΙΙ
956 2829 973 2866 1
1007 2825 1203 2877 Surripuit
1234 2826 1265 2865 G
1294 2824 1480 2876 Sfimpuit
1510 2822 1568 2862 O*
1605 2822 1621 2875 ss
1661 2826 1804 2862 utrum

135 2882 289 2922 uiuenti
317 2895 372 2921 an
413 2882 566 2922 iuuenti
593 2883 794 2932 scriptum
823 2883 880 2918 sit
915 2882 960 2918 in
992 2879 1023 2918 0
1051 2880 1232 2918 discerni
1268 2891 1353 2918 non
1388 2880 1545 2928 potest,
1586 2879 1632 2915 in
1663 2876 1695 2916 G
1723 2879 1803 2916 uia,-

131 2938 294 2984 potest:
324 2936 559 2975 litterarum
580 2936 728 2974 ductus
753 2935 893 2984 priori
919 2931 1081 2983 fauent,
1108 2936 1245 2984 apices
1271 2932 1285 2970 i
1315 2932 1551 2970 litterarum
1574 2933 1804 2980 posteriori

136 2987 151 3039 ΙΙ
179 2989 202 3026 2
231 2987 461 3028 Suauiolum
492 2989 542 3040 V,
571 2988 625 3035 cs.
654 3001 694 3028 u.
724 2988 770 3027 44
796 2985 811 3039 ss
839 2986 1036 3025 ambrosio
1069 2986 1101 3025 0
1126 2986 1314 3025 Naelcius
1342 2985 1399 3024 ad
1427 2984 1516 3025 Val.
1547 2983 1632 3024 Cat.
1656 2996 1701 3033 p.
1719 2985 1803 3025 258

137 3041 310 3081 amrosio
342 3041 398 3081 G*
428 3040 484 3089 cf.
511 3054 552 3083 u.
580 3042 632 3083 45
658 3041 672 3093 ΙΙ
702 3043 726 3082 4
755 3039 935 3080 Sufixum
967 3039 1023 3079 O*
1049 3038 1063 3090 ΙΙ
1091 3041 1114 3080 6
1143 3039 1289 3080 senicie
1320 3038 1358 3078 V
1382 3036 1398 3089 ΙΙ
1424 3041 1445 3078 7
1475 3037 1530 3086 id]
1560 3036 1608 3076 ad
1639 3036 1695 3076 G*
