2040 3372
227 84 290 131 32
399 88 401 100 ¹
924 93 987 142 46,
1018 94 1160 141 5-49,
1190 95 1212 132 2

518 233 540 271 5
577 223 862 287 Nicaeaeque
899 241 1006 288 ager
1041 227 1158 274 uber
1191 237 1447 276 aestuosae:

579 291 643 338 Ad
682 293 825 340 claras
861 293 991 340 Asiae
1027 294 1236 342 uolemus
1271 295 1425 344 urbes.

579 358 672 405 Iam
709 374 840 406 mens
875 361 1223 423 praetrepidans
1258 370 1363 409 auet
1401 363 1571 425 uagari.

579 425 670 471 lam
708 426 812 472 laeti
848 426 999 473 studio
1035 427 1175 488 pedes
1208 429 1465 490 uigescunt.

581 491 618 539 Ο
656 493 813 539 dulces
850 493 1068 540 comitum
1106 495 1253 542 ualete
1290 504 1462 554 coetus,

499 565 541 603 10
579 559 737 621 Longe
775 574 889 620 quos
924 560 1058 607 simul
1093 575 1117 607 a
1153 562 1290 609 domo
1327 564 1562 623 profectos

583 625 800 672 Diuersae
837 626 991 674 uariae
1028 627 1129 674 uiae
1166 636 1420 690 reportant.

226 820 292 874 47
580 821 726 873 Porci
763 832 807 872 et
844 825 1102 885 Socration,
1140 828 1255 874 duae
1291 828 1502 876 sinistrae

580 892 775 949 Pisonis,
812 893 987 941 scabies
1022 895 1256 955 famesque
1294 895 1468 953 mundi,

579 958 668 1005 Vos
704 959 947 1007 Veraniolo
984 976 1087 1008 meo
1125 969 1169 1008 et
1204 961 1395 1008 Fabullo

580 1024 758 1087 Verpus
794 1028 1057 1088 praeposuit
1092 1028 1284 1090 Priapus
1320 1026 1427 1074 ille?

516 1100 536 1137 5
574 1091 663 1139 Vos
699 1093 914 1139 conuiuia
952 1094 1071 1141 lauta
1108 1102 1376 1156 sumptuose

580 1159 643 1205 De
680 1159 751 1206 die
787 1159 965 1207 facitis?
1002 1161 1090 1208 mei
1126 1162 1302 1209 sodales

577 1225 819 1279 Quaerunt
853 1227 899 1273 in
937 1228 1075 1274 triuio
1110 1226 1414 1275 uocationes‘?

225 1422 292 1476 48
579 1422 780 1474 Mellitos
817 1427 975 1473 oculos
1010 1434 1128 1485 tuos,
1167 1428 1364 1485 quenti,

581 1491 734 1553 Siquis
773 1507 842 1540 me
878 1493 998 1540 sinat.
1034 1509 1181 1555 usque
1217 1495 1408 1553 basiare,

577 1559 730 1620 Vsque
767 1561 820 1606 ad
857 1560 979 1607 milia
1015 1561 1187 1608 basiem
1222 1569 1442 1620 trecenta,

578 1626 671 1672 Nec
707 1641 923 1687 umquam
960 1627 1124 1675 uidear
1158 1635 1283 1676 satur
1318 1630 1516 1685 futurus,

523 1700 544 1737 5
581 1692 682 1739 Non
721 1693 758 1740 si
794 1693 982 1741 densior
1016 1695 1152 1742 aridis
1189 1695 1335 1743 aristis

584 1758 651 1806 Sit
687 1767 872 1807 nostrae
908 1775 1038 1822 seges
1074 1762 1383 1810 osculationis.

229 1957 294 2010 49
580 1957 895 2008 Disertissime
931 1962 1113 2009 Romuli
1149 1970 1386 2024 nepotum,

584 2027 707 2081 Quot
741 2035 849 2074 sunt
884 2036 1089 2089 quotque
1124 2030 1268 2087 suere,
1305 2030 1456 2076 Marce
1492 2029 1626 2087 Tulli,

363 2160 385 2197 5
415 2157 534 2197 ruber
562 2162 721 2198 estuore
752 2159 790 2198 V
815 2159 829 2212 fl
858 2162 879 2198 7
909 2159 1189 2210 praetepidans
1213 2161 1269 2199 O*
1297 2160 1310 2213 ΙΙ
1339 2163 1361 2201 8
1392 2173 1447 2199 an
1476 2162 1612 2202 laeto?
1635 2160 1649 2212 ΙΙ
1679 2165 1702 2203 9
1732 2165 1842 2201 cetus
1860 2161 1910 2213 V,

230 2212 328 2250 inde
357 2214 470 2263 cetus
497 2212 671 2260 uirgula
700 2212 892 2262 additag
918 2213 932 2265 ΙΙ
963 2216 1010 2254 10
1041 2226 1119 2264 quo
1142 2214 1186 2253 V
1205 2213 1220 2266 ΙΙ
1252 2217 1295 2255 11
1328 2214 1491 2255 Diuerse
1522 2215 1631 2255 uarie
1651 2215 1714 2255 uie
1732 2214 1780 2264 V,
1811 2215 1909 2255 hinc

230 2265 307 2303 alii
333 2263 497 2306 Diuerse
526 2265 660 2305 uariae
689 2266 791 2315 uiae,
821 2268 899 2305 alii
925 2266 1114 2306 Diuersae
1143 2268 1250 2307 uarie
1279 2268 1368 2308 uiae

361 2317 415 2358 47
444 2319 722 2358 Inter-stibium
750 2320 966 2360 nullumV
991 2319 1006 2373 ΙΙ
1035 2322 1056 2360 2
1086 2321 1256 2360 mundae
1277 2322 1501 2361 Buecheler
1532 2322 1682 2362 nummi
1701 2322 1910 2362 Baehren-

229 2374 318 2411 sius
343 2373 358 2426 ΙΙ
387 2375 412 2413 4
442 2373 649 2425 proposuit
679 2373 719 2412 V
745 2374 757 2425 ΙΙ
785 2377 806 2414 5
836 2377 1070 2425 sumptuosa
1098 2374 1311 2413 Auantius

362 2426 419 2469 48
450 2427 728 2466 Incerstitium
756 2427 971 2466 nullumV
996 2425 1010 2478 ΙΙ
1041 2430 1058 2468 1
1090 2428 1241 2467 inuenti
1260 2430 1303 2469 V
1321 2426 1337 2480 ΙΙ
1364 2430 1386 2468 3
1417 2428 1540 2468 millia
1563 2428 1596 2468 G
1621 2427 1636 2479 ΙΙ
1664 2431 1688 2469 4
1712 2427 1847 2482 numt‘p
1879 2429 1911 2468 0

230 2480 322 2533 ηῡῷ
355 2481 388 2520 G
416 2481 467 2519 mi
497 2491 671 2531 unquam
702 2479 861 2519 Statius
888 2480 903 2533 [Ι
930 2480 1066 2520 uidear
1095 2485 1204 2520 satur
1234 2481 1467 2521 Guarinus:
1503 2481 1594 2521 inde
1629 2486 1804 2523 corsater
1834 2482 1880 2523 V
1897 2482 1912 2535 ss

232 2538 254 2575 5
284 2534 417 2575 africis
446 2533 721 2574 Mar-lelandus
749 2533 917 2573 horridis
946 2536 1092 2584 Peiper
1118 2535 1131 2586 ΙΙ
1160 2537 1183 2575 6
1214 2534 1303 2575 Sint
1336 2536 1383 2585 V,
1412 2547 1510 2575 corr
1532 2547 1565 2585 g

362 2588 419 2630 49
450 2588 723 2627 [ntem-titium
752 2589 878 2626 unius
905 2599 1052 2626 uersus
1071 2587 1121 2636 V,
1151 2591 1195 2627 in
1218 2588 1251 2628 G
1279 2590 1487 2639 aaz-pletum
1516 2589 1638 2628 tilulo
1667 2587 1728 2628 Ad
1757 2588 1912 2629 Cicero·

232 2654 341 2681 nem:
371 2641 433 2681 Ad
460 2644 591 2681 minio
618 2643 788 2692 scripsit
809 2652 853 2690 g,
890 2641 1119 2681 Ciceronem
1156 2645 1391 2681 atramento
1426 2653 1574 2681 manus
1611 2642 1826 2693 quaedam,
1847 2655 1912 2681 re-

232 2698 391 2734 centior
419 2697 464 2734 in
493 2708 665 2743 rasura,
705 2707 811 2746 quae
837 2697 967 2733 uerba
996 2695 1094 2733 olim
1124 2707 1149 2733 a
1173 2707 1205 2745 g
1231 2697 1388 2746 scripta
1416 2694 1468 2736 M.
1498 2694 1671 2735 Tullium
1701 2695 1916 2735 deleuerat

231 2749 306 2797 [Ad
334 2747 386 2788 M.
416 2747 590 2788 Tullium
618 2749 824 2788 ALLaur.
852 2750 922 2797 35,
951 2750 1000 2788 42
1037 2747 1098 2786 Ad
1133 2747 1306 2788 Tullium
1339 2748 1382 2797 C]
1419 2748 1435 2798 ΙΙ
1476 2751 1493 2788 1
1527 2750 1678 2787 citauit
1710 2750 1910 2788 petrarca

231 2804 276 2839 in
306 2803 483 2852 epistula
512 2804 731 2842 Auenione
759 2815 796 2841 a.
825 2802 925 2842 4347
954 2803 1009 2841 ad
1034 2800 1257 2841 Nicolaum
1285 2801 1508 2840 Laurentii
1535 2801 1648 2852 (Cala
1678 2802 1722 2841 di
1748 2801 1909 2851 Rienzz)

229 2857 386 2905 scripta
414 2857 489 2906 (ep.
519 2869 611 2895 uar.
639 2858 706 2904 58,
734 2856 818 2895 uol.
837 2857 866 2895 5
889 2868 929 2906 p.
959 2856 1035 2894 402
1065 2855 1127 2894 ed.
1155 2855 1427 2905 Fraeassetti)
1462 2855 1543 2895 uidi
1580 2855 1823 2913 haesitantes
1859 2866 1909 2894 an

232 2919 294 2947 res
332 2912 419 2948 tuas
458 2921 507 2947 an
546 2911 667 2949 uerba
707 2908 914 2960 potissime
953 2909 1187 2948 mirarentur
1223 2920 1296 2948 nec
1332 2909 1551 2949 abnuentes
1589 2909 1683 2960 quin
1713 2907 1911 2948 lilim-tatis

231 2960 427 3001 beneficio
456 2961 641 3012 Brutum,
681 2963 838 3013 eloquio
871 2962 1099 3001 Ciceronem
1128 2962 1325 3011 dicerent,
1366 2961 1414 3001 ad
1444 2974 1561 3013 quem
1592 2961 1769 3001 Catullus
1797 2972 1913 3001 uero-

233 3041 367 3081 nensis
397 3041 452 3081 ait
478 3037 761 3098 ‘Disertissime
791 3037 877 3082 etc?
909 3041 921 3092 Η
959 3043 980 3081 2
1011 3023 1140 3082 mifr'ce
1165 3041 1197 3081 G
1225 3041 1290 3082 .Μ.
1324 3042 1354 3080 0
