2040 3372
283 123 346 170 92
979 124 1044 173 89,
1072 123 1217 172 3-92,
1245 123 1270 162 2

484 259 691 319 Tamque
726 257 880 305 bonus
914 263 1108 318 patruus
1141 262 1330 316 tamque
1365 254 1520 301 omnia
1554 253 1693 315 plena
1726 252 1892 315 puellis

553 325 785 386 Cognatis,
822 338 965 385 quare
999 324 1039 370 is
1073 322 1254 370 desinat
1288 336 1389 369 esse
1424 318 1607 368 macer?

430 402 453 439 5
490 392 579 448 Qui
614 398 667 438 ut
701 390 816 437 nihil
852 390 1073 450 attingat,
1111 389 1201 436 nisi
1237 388 1361 449 quod
1395 388 1463 435 fas
1498 395 1688 449 tangere
1724 401 1820 433 non
1855 391 1940 444 est,

552 456 862 513 Quantumuis
899 471 1043 518 quare
1078 456 1137 503 sit
1170 469 1327 502 macer
1362 454 1591 502 inuenies.

486 641 729 695 Nascatur
763 655 926 702 magus
961 657 1017 689 ex
1053 641 1169 689 Gelli
1203 641 1455 702 matrisque
1490 639 1692 687 nefando

554 709 779 770 Coniugio
817 720 862 756 et
897 709 1042 756 discat
1074 708 1310 770 persicum
1344 707 1650 769 aruspicium:

485 778 600 824 Nam
636 791 797 837 magus
834 791 889 822 ex
923 783 1069 823 matre
1106 782 1152 822 et
1186 781 1326 836 gnato
1363 774 1582 835 gignatur
1617 778 1816 836 oportet,

555 843 604 890 Si
638 857 751 890 uera
788 848 858 890 est
892 843 1140 891 Persarum
1175 842 1316 903 impia
1349 840 1544 902 relligio,

431 919 453 957 5
490 910 659 958 Gratus
693 916 746 957 ut
781 916 972 972 accepto
1008 915 1263 956 ueneretur
1297 908 1503 955 carmine
1538 906 1671 954 diuos

556 977 802 1024 Omentum
837 977 885 1023 in
922 977 1103 1023 flamma
1137 976 1312 1038 pingue
1346 973 1662 1036 liquefaciens.

287 1161 351 1215 91
489 1159 610 1212 Νο11
646 1162 766 1219 ideo,
804 1161 936 1219 Gelli,
974 1161 1216 1223 sperabam
1250 1168 1296 1208 te
1331 1160 1443 1207 mihi
1476 1160 1619 1207 fidum

555 1229 609 1276 ln
645 1229 814 1276 misero
850 1229 940 1275 hoc
976 1236 1153 1286 nostro,
1190 1229 1279 1276 hoc
1313 1227 1495 1290 perdito
1531 1241 1687 1274 amore
1721 1226 1823 1272 fore

490 1296 626 1351 Quod
661 1302 707 1342 te
743 1310 1020 1357 cognossem
1057 1295 1178 1343 bene
1214 1300 1566 1342 constantemue
1600 1299 1814 1355 putarem

556 1363 646 1409 Aut
682 1377 818 1423 posse
854 1377 882 1409 a
915 1362 1042 1424 turpi
1077 1369 1283 1409 mentem
1317 1360 1530 1409 inhibere
1563 1359 1755 1422 probro,

435 1438 458 1476 5
493 1429 582 1477 Sed
619 1443 773 1490 neque
809 1429 934 1490 quod
969 1436 1165 1476 matrem
1200 1443 1289 1476 nec
1323 1442 1590 1490 germanam
1626 1441 1724 1474 esse
1757 1425 1972 1474 uidebam

555 1495 688 1543 Hanc
723 1495 808 1542 tihi
843 1496 974 1542 cuius
1008 1510 1081 1542 me
1115 1510 1312 1557 magnus
1347 1494 1511 1542 edehat
1544 1508 1688 1541 amor.

489 1562 550 1610 Et
585 1563 797 1623 quamuis
831 1569 986 1609 tecum
1021 1563 1166 1610 multo
1203 1562 1518 1622 coniungerer
1550 1575 1652 1617 usu,

557 1630 662 1676 Non
698 1629 808 1676 satis
842 1629 889 1675 id
925 1644 1089 1676 causae
1125 1629 1410 1677 credideram
1446 1643 1546 1676 esse
1580 1627 1680 1674 tibi.

488 1696 560 1743 Tu
596 1696 705 1743 satis
740 1696 787 1743 id
819 1696 971 1742 duxti:
1006 1702 1189 1743 tantum
1223 1696 1307 1743 tibi
1341 1695 1558 1756 gaudium
1593 1695 1640 1741 in
1678 1692 1806 1740 omni

412 1770 458 1811 10
560 1762 704 1824 Culpa
741 1769 810 1810 est
844 1763 893 1809 in
931 1777 1221 1825 quacumque
1258 1769 1327 1810 est
1360 1762 1533 1823 aliquid
1567 1760 1770 1809 sceleris.

293 1946 361 2001 92
494 1945 670 1997 Lesbia
705 1949 768 1996 mi
804 1949 914 1996 dicit
948 1963 1132 2010 semper
1166 1947 1285 1994 male
1321 1962 1409 1995 nec
1444 1953 1568 1994 tacet
1600 1960 1821 2008 umquam

559 2015 625 2062 De
660 2030 759 2062 me:
795 2015 960 2063 Lesbia
995 2030 1069 2063 me
1104 2015 1363 2076 dispeream
1399 2014 1489 2062 nisi
1522 2021 1656 2061 amat.

424 2164 451 2201 4
478 2164 605 2199 mater
634 2160 674 2199 V
698 2159 711 2209 ΙΙ
740 2162 763 2199 5
793 2160 955 2210 attingit
983 2174 1018 2199 ω
1048 2160 1241 2210 Scaliger
1269 2158 1285 2211 ΙΙ
1311 2161 1335 2199 6
1363 2158 1410 2198 fit
1441 2159 1485 2199 V

424 2213 485 2255 90
513 2215 792 2252 Interstitium
811 2215 974 2253 nullum
998 2215 1043 2254 V
1050 2215 1063 2264 Η
1087 2217 1104 2254 1
1129 2225 1298 2264 magnus
1321 2213 1364 2253 V
1374 2211 1387 2264 ΙΙ
1411 2215 1433 2253 3
1455 2223 1623 2262 magnus
1645 2211 1685 2250 V
1701 2210 1717 2260 ΙΙ
1735 2213 1922 2262 opportet
1944 2210 1977 2249 0

287 2269 302 2318 ss
332 2270 359 2308 4
387 2267 529 2318 religio
560 2267 605 2307 V
639 2267 653 2319 ΙΙ
692 2270 714 2307 5
752 2266 896 2307 Gratus
924 2267 1027 2308 Lac.
1058 2267 1258 2306 Mueller.-
1302 2265 1454 2306 Gnatus
1491 2266 1530 2306 V
1569 2266 1583 2317 ΙΙ
1625 2266 1650 2305 6
1687 2263 1900 2304 Omnetum
1943 2263 1977 2303 G

290 2321 412 2369 Quitfi
445 2321 501 2360 0*
530 2319 543 2372 ΙΙ
571 2320 690 2359 flama
722 2319 756 2360 G
1337 2342 1340 2350 ι

427 2373 480 2416 91
509 2375 790 2413 Inter-atilium
818 2374 981 2413 nullum
1010 2374 1055 2414 V
1089 2373 1104 2426 ss
1147 2374 1170 2413 3
1200 2376 1241 2412 te
1269 2385 1349 2412 11011
1389 2383 1548 2412 nossem
1577 2371 1789 2410 Auantius
1829 2368 1844 2423 ΙΙ
1882 2371 1909 2411 4
1936 2372 1976 2418 a]

294 2431 364 2468 aut
396 2426 473 2478 Vn
500 2432 634 2467 mente
667 2428 698 2467 O
728 2427 741 2479 ΙΙ
770 2429 792 2467 5
823 2426 902 2466 Sed
933 2428 1041 2478 quod
1071 2439 1145 2467 nec
1175 2440 1210 2465 ω
1239 2426 1253 2478 ΙΙ
1283 2429 1306 2467 9
1335 2426 1376 2465 111
1405 2425 1517 2465 duxti
1548 2424 1581 2465 G
1607 2425 1761 2465 induxti
1793 2424 1825 2463 0

423 2480 483 2523 92
510 2482 791 2520 Inter-stillum
831 2481 995 2519 nullum
1026 2482 1087 2521 V:
1130 2480 1172 2520 In
1207 2480 1392 2520 Gesarem
1419 2482 1465 2517 in
1491 2491 1626 2529 marg.
1661 2478 1747 2518 add
1774 2489 1819 2528 g,
1862 2477 1912 2515 de
1942 2476 1976 2516 0

290 2547 332 2575 u.
362 2535 419 2574 ad
444 2547 487 2575 u.
515 2535 551 2575 4.
610 2535 767 2574 Gellius
807 2533 843 2584 7,
871 2535 931 2582 46,
959 2536 987 2574 2
1032 2534 1128 2573 Cum
1172 2536 1281 2573 esset
1321 2533 1487 2573 uerbum
1524 2524 1756 2582 ‘deprecor'
1798 2530 1976 2570 doctius-

292 2588 382 2628 cule
409 2588 586 2640 positum
614 2588 656 2628 in
685 2587 831 2627 Catulli
861 2588 1048 2637 carmine,
1085 2587 1179 2639 quia
1206 2587 1247 2626 id
1276 2586 1498 2638 ignorabat,
1527 2584 1806 2636 frigidissimos
1833 2593 1976 2623 uersus

292 2653 383 2682 esse
412 2641 593 2690 dicebat,
638 2642 817 2681 omnium
853 2642 1012 2692 quidem
1055 2641 1203 2680 iudicio
1239 2640 1567 2687 uenustissimos‚
1611 2649 1713 2690 quos
1755 2636 1975 2688 subscripsi

285 2689 446 2735 ‘Lesbia
477 2695 531 2734 mi
563 2695 659 2735 dicit
678 2718 730 2724 —
753 2706 890 2734 uerum
922 2694 1143 2745 dispeream
1172 2694 1248 2733 nisi
1277 2706 1367 2733 31110
1378 2686 1402 2733 ’.
1443 2685 1680 2744 ‘Deprecor'
1709 2691 1786 2731 hoc
1813 2691 1854 2730 in
1882 2689 1974 2730 loco

292 2749 355 2788 uir
393 2748 523 2788 bonus
562 2749 618 2788 ita
655 2760 745 2788 esse
781 2747 931 2787 dictum
970 2748 1138 2799 putabat
1171 2751 1216 2787 ut
1250 2747 1483 2798 plerumque
1512 2758 1533 2785 3
1562 2746 1685 2795 uulgo
1723 2744 1868 2784 dicitur
1899 2746 1974 2783 cet.

297 2805 315 2841 1
346 2801 479 2841 Esbia‘
499 2803 660 2852 (prima
690 2802 833 2840 littera
861 2806 909 2839 ul
936 2804 982 2840 in
1011 2803 1211 2840 carminis
1237 2802 1362 2839 initio
1390 2801 1651 2839 rubricatori
1676 2797 1909 2847 reseruata)
1941 2795 1974 2834 0

291 2854 432 2894 Lesuia
463 2857 576 2903 (item
595 2868 636 2894 u.
654 2857 697 2905 2)
730 2855 854 2894 Gellii
886 2855 1019 2894 Valic.
1046 2856 1153 2896 5452
1182 2869 1214 2894 s·
1243 2863 1343 2894 XIII
1374 2854 1516 2903 (ceteri
1544 2854 1642 2891 bom·
1671 2852 1787 2892 codd.
1814 2852 1862 2890 in
1890 2851 1970 2888 hac

296 2907 421 2947 Gellii
441 2912 566 2958 parte
595 2909 811 2958 deficiunt)
838 2907 852 2956 ΙΙ
886 2909 990 2947 111313
1021 2923 1056 2947 ω
1089 2907 1372 2958 Westphalius
1399 2905 1414 2957 ΙΙ
1438 2918 1613 2958 unquam
1647 2905 1679 2946 G
1705 2905 1721 2959 ss
1749 2906 1773 2945 2
1801 2906 1910 2943 amat
1940 2902 1973 2941 0

294 2961 391 3009 [DH
412 2961 543 3001 Laur.
571 2963 642 3012 55,
670 2963 721 3002 42
752 2962 888 3002 Valic.
917 2962 1033 3010 4650]
1077 2961 1256 3001 Gellius:
1294 2972 1384 3000 amo
1423 2959 1456 2999 G
1494 2959 1628 3008 [ACA
1669 2970 1758 2998 31110
1796 2969 1884 2996 sacr
1919 2956 1970 2995 al.

293 3018 401 3053 amat
429 3015 465 3053 B
493 3027 582 3054 amo
613 3020 653 3054 et
678 3018 724 3054 in
752 3027 888 3064 marg.
931 3014 971 3055 al
999 3020 1107 3055 amat
1143 3017 1308 3064 (postea
1349 3018 1562 3053 corrector
1598 3016 1699 3053 nola
1739 3010 1973 3061 marginali

293 3068 428 3107 deleta
455 3069 502 3107 in
533 3072 652 3108 teoeta
682 3080 772 3109 amo
799 3070 846 3107 in
876 3073 983 3108 amat
1010 3070 1208 3119 mutauit)
1237 3068 1286 3115 L]
