2040 3372
295 120 356 164 66
976 126 1040 174 64,
1070 125 1282 165 271-290

428 256 608 303 Aurora
644 257 882 304 exoriente
916 259 1024 320 uagi
1058 258 1144 306 sub
1180 259 1336 306 limina
1369 260 1494 317 solis,

428 322 558 377 Quae
592 324 722 371 tarde
757 323 959 385 primum
994 325 1213 373 clementi
1247 325 1433 372 flamine
1468 326 1629 388 pulsae

427 389 697 436 Procedunt
730 391 991 450 leuiterque
1026 398 1197 439 sonant
1230 393 1455 454 plangore
1491 393 1720 450 cachinni,

426 456 538 503 Post
570 464 715 503 uento
751 463 993 504 crescente
1026 459 1173 520 magis
1207 459 1352 520 magis
1387 459 1717 506 increbescunt

324 529 393 569 275
427 522 766 584 Purpureaque
801 524 968 584 procul
1004 531 1169 572 nantes
1205 526 1260 572 ab
1297 526 1401 572 luce
1437 526 1683 586 refulgent,

427 589 503 636 Sic
538 595 638 637 tum
672 589 894 636 uestibuli
927 590 1184 652 linquentis
1218 592 1346 654 regia
1382 599 1503 639 tecta

425 656 495 702 Ad
528 671 577 703 se
614 656 811 716 quisque
845 670 963 718 uago
1000 659 1170 719 passim
1204 660 1322 721 pede
1357 658 1670 706 discedebant.

427 722 638 777 Quorum
673 728 780 783 post
814 722 991 770 abitum
1028 725 1249 786 princeps
1284 740 1310 772 e
1345 726 1521 772 uertice
1557 725 1683 772 Pelei

424 789 627 836 Aduenit
662 788 832 835 Chiron
870 798 1063 851 portans
1097 792 1326 838 siluestria
1361 792 1507 838 dona:

322 862 389 902 280
422 856 537 902 Nam
574 869 895 916 quoscumque
929 858 1088 904 ferunt
1124 861 1290 919 campi,
1326 872 1445 918 quos
1480 858 1675 905 thessala
1709 861 1892 920 magnis

423 921 661 969 Montibus
697 937 778 969 ora
813 929 952 982 creat,
990 939 1108 985 quos
1143 931 1336 986 propter
1371 924 1574 972 fluminis
1608 925 1756 973 undas

422 988 548 1035 Aura
581 989 706 1049 parit
739 989 880 1037 flores
913 990 1058 1051 tepidi
1094 992 1292 1038 fecunda
1328 992 1502 1048 fauoni‚

422 1055 519 1102 Hos
554 1055 834 1103 indistinctis
868 1057 1029 1118 plexos
1066 1058 1169 1104 tulit
1204 1058 1302 1119 ipse
1338 1058 1539 1115 corollis,

423 1121 524 1176 Quo
559 1122 796 1183 permulsa
831 1123 996 1171 domus
1031 1124 1233 1171 iocundo
1270 1125 1371 1171 risit
1406 1124 1564 1171 odore.

320 1195 387 1236 285
422 1188 676 1236 Confestim
712 1189 882 1236 Penios
916 1191 1045 1238 adest
1078 1191 1326 1239 uiridantia
1361 1191 1551 1253 Tempe,

421 1255 597 1316 Tempe
634 1270 752 1316 quae
787 1256 931 1303 siluae
966 1257 1163 1319 cingunt
1197 1272 1340 1319 super
1373 1258 1713 1319 impendentes,
1797 1315 1799 1320 f

0 1347 96 1378 acm.
119 1321 617 1387 asymam-Naiasin
651 1322 870 1383 linquens
894 1322 928 1383 ’ἶ-
953 1324 1079 1372 doris
1116 1325 1391 1371 celebranda
1426 1324 1622 1379 choreis,

0 1395 208 1448 qaum
235 1390 387 1454 ,lma-4,
420 1388 525 1434 Non
562 1403 760 1436 uacuos:
799 1404 1001 1451 namque
1036 1391 1112 1438 ille
1147 1391 1253 1438 tulit
1287 1391 1507 1439 radicitus
1544 1392 1656 1437 altas

0 1450 186 1533 &met

419 1453 569 1516 Fagos
605 1470 657 1502 ac
692 1462 821 1503 recto
857 1472 1076 1518 proceras
1110 1458 1264 1520 stipite
1298 1458 1471 1515 laurus,

318 1529 386 1568 290
419 1521 523 1568 Non
561 1522 664 1569 sine
699 1524 885 1570 nutanti
919 1524 1108 1586 platano
1145 1525 1364 1586 lentaque
1399 1538 1558 1571 sorore

421 1696 495 1734 271
528 1692 716 1732 sublimia
740 1693 786 1732 V
795 1693 871 1733 sub
899 1693 1050 1734 lumina
1079 1708 1114 1733 ω
1133 1694 1147 1746 ΙΙ
1177 1697 1254 1736 273
1283 1694 1507 1746 leuiterque
1536 1697 1681 1734 sonant
1711 1694 1743 1732 0
1772 1693 1822 1742 [L
1841 1706 1867 1732 a
1893 1706 1972 1734 sec.

283 1760 350 1796 m.‚
388 1748 524 1787 Paris.
557 1747 669 1785 7990.
703 1747 830 1786 8252.
861 1748 971 1787 8256
1008 1748 1253 1787 Britannici
1285 1748 1419 1789 44674.
1451 1748 1617 1796 42005J:
1646 1747 1791 1787 leuiter
1823 1750 1972 1787 sonant

286 1801 319 1840 G
338 1804 395 1850 [et
409 1802 536 1840 ceteri
555 1801 667 1848 bom]
697 1799 793 1849 (leni
813 1805 1005 1840 resonant
1018 1824 1072 1830 —-
1087 1802 1284 1851 cachinni)
1306 1816 1341 1840 ω
1370 1802 1514 1841 leuiter
1532 1802 1721 1841 resonant
1742 1814 1778 1839 ω
1805 1800 1968 1852 lenique

283 1856 428 1894 sonant
452 1852 751 1892 Froelzlichius
775 1852 792 1907 ΙΙ
821 1858 1019 1905 excerpta
1047 1868 1102 1894 ex
1129 1858 1231 1894 ποετ.
1247 1855 1374 1905 gloss.
1398 1856 1628 1905 pithoeana
1647 1867 1693 1905 p.
1708 1854 1754 1894 74
1774 1851 1966 1900 Gothofr.

281 1902 453 1959 ‘placor'
488 1906 770 1957 tranquillitas.
800 1910 842 1946 at
871 1907 1052 1947 Catullus
1078 1904 1295 1959 ‘plangor’.
1344 1907 1400 1955 cf.
1424 1908 1524 1947 Luc.
1544 1907 1722 1947 Mueller
1749 1907 1807 1946 ad
1832 1906 1970 1947 Lucil.

279 1974 321 2012 p.
341 1962 421 2002 275
447 1958 463 2012 ΙΙ
491 1960 676 2000 chachini
699 1959 732 1998 G
751 1960 934 2000 chachini
958 1960 1023 2013 ΟΙΙ
1051 1963 1126 2002 275
1149 1961 1457 2013 purpureaeque
1476 1961 1713 2012 Lennepius
1738 1959 1753 2013 ΙΙ
1779 1964 1971 2001 nascente

283 2015 333 2053 ab
353 2015 635 2053 Baehrensius
660 2011 676 2063 ΙΙ
702 2012 879 2063 refulges
901 2014 945 2054 V
966 2013 982 2066 ΙΙ
1010 2016 1087 2054 276
1117 2018 1198 2054 tam
1230 2015 1301 2065 G*,
1328 2028 1417 2054 sscr
1444 2015 1496 2053 al'
1524 2015 1597 2054 tibi
1613 2027 1646 2065 g·
1674 2016 1717 2055 tn
1737 2015 1804 2064 (=
1823 2010 1973 2064 tamen)

285 2068 317 2106 0
347 2067 459 2116 [BA]
493 2066 582 2115 [tibi
610 2065 810 2115 ACDHL]
841 2067 897 2105 ibi
925 2068 1133 2117 Hauptius
1161 2067 1174 2119 Η
1202 2068 1405 2108 uestibulo
1434 2068 1506 2106 uel
1530 2068 1743 2107 uestibulis
1762 2067 1974 2108 Schrader

282 2121 420 2160 festini
439 2121 720 2159 Baehrensius
738 2117 753 2170 ΙΙ
773 2121 849 2159 277
869 2119 923 2159 At
944 2133 988 2160 se
1005 2122 1051 2161 V
1060 2120 1075 2173 ss
1094 2123 1171 2161 278
1200 2122 1381 2161 habitum
1399 2121 1444 2169 G,
1465 2133 1605 2171 corrg
1623 2119 1640 2174 [1
1665 2121 1787 2173 peley
1810 2121 1842 2160 0
1858 2118 1874 2172 ΙΙ
1893 2121 1973 2161 280

283 2186 562 2226 quoscumque
590 2172 782 2212 aldinae:
812 2173 1083 2224 quodcfi(cum
1115 2175 1207 2225 0)q³
1238 2175 1282 2214 V
1304 2178 1576 2226 quotcumque
1606 2188 1641 2213 ω
1668 2174 1683 2226 ΙΙ
1711 2173 1862 2225 campis
1892 2173 1938 2215 V
1955 2172 1972 2226 n

284 2242 383 2292 quot
413 2254 448 2278 ω
475 2240 491 2292 n
519 2239 675 2280 thesala
708 2238 741 2277 G
769 2239 938 2279 thesalia
963 2239 1019 2278 0*
1044 2240 1058 2290 ΙΙ
1087 2232 1201 2293 mags
1220 2241 1251 2279 0
1279 2241 1434 2291 magnis
1453 2241 1487 2280 G
1506 2241 1594 2290 (sed
1610 2240 1673 2280 nis
1691 2242 1904 2291 scripsitg
1921 2243 1969 2280 in

281 2306 449 2341 rasura,
469 2292 653 2340 fortasse
670 2290 819 2338 fuerat
843 2293 989 2344 magis)
1005 2292 1018 2346 ΙΙ
1034 2295 1109 2335 281
1132 2298 1231 2346 quot
1252 2293 1409 2347 ‹1211282
1430 2295 1536 2334 Aura
1556 2294 1660 2344 parit
1683 2293 1716 2333 G
1734 2294 1917 2342 (litteras
1944 2305 1969 2333 a

281 2359 354 2398 par
372 2349 418 2386 in
437 2360 591 2386 rasura
610 2347 782 2397 scripsit
794 2347 842 2397 g)
870 2347 1002 2386 Aurea
1029 2348 1092 2399 pit
1114 2348 1145 2386 0
1172 2348 1298 2398 (idem
1316 2350 1530 2399 scripsisse
1548 2348 1719 2386 uidetur
1741 2347 1821 2399 G¹),
1849 2347 1971 2397 [Aura

281 2426 387 2477 perit
415 2426 611 2466 ABCDA
638 2407 744 2477 pgrit
773 2427 822 2475 L]
868 2425 882 2478 ιι
923 2428 999 2467 283
1039 2427 1080 2466 in
1117 2426 1316 2467 distinctis
1348 2427 1382 2466 G
1423 2426 1683 2467 interstinctis
1727 2427 1921 2466 Heinsius

282 2480 430 2520 corulis
453 2481 499 2520 V
501 2480 535 2530 *‚
564 2481 663 2519 inde
690 2479 795 2527 fecit
822 2493 845 2520 o
876 2481 1017 2519 littera
1045 2483 1090 2519 in
1120 2494 1145 2520 u
1173 2485 1335 2520 mutata
1365 2480 1512 2520 curulis
1527 2493 1573 2531 g,
1600 2480 1774 2530 simulg·
1800 2491 1890 2519 sscr
1918 2480 1971 2520 al’

283 2533 446 2573 corollis
476 2534 643 2584 [curulis
670 2533 794 2573 ALA
829 2533 976 2573 curulis
1005 2538 1047 2572 et
1074 2538 1120 2572 in
1147 2546 1283 2584 marg.
1312 2536 1330 2573 l
1361 2533 1524 2574 corollis
1546 2533 1626 2582 CB]
1653 2535 1669 2584 fl
1697 2534 1777 2573 284
1804 2532 1910 2579 Quot
1932 2533 1967 2572 G

281 2586 397 2634 Quod
429 2586 486 2625 O*
515 2586 611 2649 Quis
640 2588 710 2626 uel
736 2586 858 2648 Queis
888 2601 923 2626 ω
964 2585 979 2639 ΙΙ
1022 2589 1098 2627 285
1128 2588 1266 2638 penies
1298 2588 1347 2638 V,
1374 2589 1547 2626 ultimae
1582 2586 1771 2649 syliabae
1797 2599 1892 2650 sser-
1915 2586 1967 2626 al’

280 2639 1319 2734 318115,le&suffl‘sszfi'ssffisf'fflffll-ssf311333321353352
1333 2639 1966 2743 ἍὲιῖῗΊΜῧῖἑέῗὲῗῶῗιῖἰέἒῷ.

280 2745 294 2799 ΙΙ
324 2747 487 2787 dorisV
504 2752 751 2798 corruptum
777 2759 854 2786 nec
882 2748 981 2786 dum
1008 2751 1216 2790 sanatum.
1256 2748 1371 2786 claris
1402 2761 1437 2786 ω
1467 2746 1595 2786 doctis
1624 2746 1790 2786 Statius
1817 2746 1967 2786 crebris

279 2799 577 2839 Lachmannus
618 2800 726 2841 duris
770 2800 1026 2851 Maduigius.
1093 2814 1150 2840 an
1192 2801 1323 2840 diuis?
1370 2813 1425 2839 an
1462 2799 1564 2839 diuis
1606 2799 1821 2852 linquens?
1866 2799 1965 2839 solis

281 2852 502 2892 Schulzius
530 2854 661 2894 solitis
681 2854 863 2904 Magnus
883 2855 1003 2894 uariis
1022 2853 1185 2893 Riesius
1203 2856 1218 2905 ΙΙ
1237 2856 1312 2894 288
1334 2853 1424 2893 Non
1443 2864 1595 2893 uacuus
1614 2854 1720 2903 (-uos
1740 2852 1966 2902 Bergkius)

284 2905 521 2945 Guarinus:
550 2907 639 2947 Non
669 2919 791 2947 acuos
821 2908 923 2957 (sscr
943 2908 994 2947 al’
1023 2908 1230 2948 nonacrias
1246 2909 1291 2957 g)
1315 2907 1347 2946 G
1374 2906 1435 2945 No
1457 2918 1603 2946 accuos
1624 2905 1681 2945 0*
1709 2906 1814 2955 [Non
1839 2917 1963 2945 acuos

280 2963 322 2996 et
363 2963 409 2998 in
446 2972 582 3010 marg.
628 2964 664 3000 al
707 2961 917 3001 nouacrios
947 2961 982 3000 L
1022 2961 1243 3001 Nonacrios
1277 2961 1403 2999 DAP
1426 2960 1557 2999 Laur.
1583 2960 1660 3008 55,
1689 2960 1755 3007 42]
1796 2958 1813 3012 ΙΙ
1852 2962 1963 2999 actas

279 3012 475 3051 Heinsius
502 3014 515 3065 Η
545 3016 620 3054 289
642 3014 769 3065 Fages
793 3013 849 3052 O*
876 3012 890 3065 ΙΙ
920 3016 996 3055 290
1018 3014 1189 3055 mutanti
1211 3014 1261 3065 V,
1291 3026 1387 3053 corr
1411 3026 1443 3064 g
1473 3013 1658 3065 [luctanti
1687 3017 1728 3052 et
1753 3014 1801 3052 in
1826 3023 1963 3063 marg·-

279 3063 321 3104 a}
347 3067 517 3106 mutanti
546 3067 595 3115 L]
625 3067 638 3120 ΙΙ
666 3067 851 3108 sororum
880 3067 919 3107 V
