2040 3372
208 129 268 173 28
475 156 480 164 -
889 135 951 184 39,
986 138 1151 188 17-41,
1181 140 1204 179 8

407 267 542 317 Nunc
580 269 778 319 Celtiber
813 286 879 318 es:
918 270 1158 320 Celtiberia
1193 273 1241 319 in
1278 280 1413 332 terra,

409 334 542 390 Quod
580 338 774 401 quisque
810 337 988 394 minxit,
1026 339 1113 386 boc
1147 340 1234 387 sibi
1268 341 1384 388 solet
1417 356 1552 388 mane

407 402 602 452 Dentem
638 413 773 468 atque
809 418 983 452 russam
1018 406 1242 454 defricare
1275 408 1523 469 gingiuam,

329 476 372 515 20
406 471 464 518 Vt
500 487 590 532 quo
627 473 711 521 iste
746 480 902 520 uester
937 472 1178 534 expolitior
1213 473 1326 522 dens
1363 481 1445 533 est,

408 538 506 585 Hoc
541 547 586 587 te
622 540 816 602 amplius
852 537 1022 586 bibisse
1058 541 1292 601 praedicet
1325 542 1424 588 loti.

206 759 271 814 40
408 761 647 828 Quaenam
683 771 728 810 te
763 764 880 810 mala
916 779 1064 822 mens,
1100 765 1275 813 miselle
1313 767 1500 824 Rauide,

406 831 511 892 Agit
546 831 844 892 praecipitem
880 831 927 878 in
966 846 1091 879 meos
1126 831 1337 879 iambos?

406 897 519 952 Quis
554 898 666 945 (leus
700 898 783 944 tibi
821 913 916 944 non
954 898 1074 945 bene
1110 899 1360 946 aduocatus

406 964 659 1011 Vecordem
695 971 824 1026 parat
860 965 1063 1012 excitare
1099 964 1278 1012 rixam?

348 1038 370 1076 5
405 1033 475 1077 An
512 1039 564 1078 ut
600 1032 844 1093 peruenias
879 1032 926 1078 in
965 1047 1044 1079 ora
1080 1031 1242 1093 uulgi?

406 1098 526 1153 Quid
565 1096 668 1145 uis?
707 1114 795 1160 qua
830 1099 960 1146 lubet
994 1114 1094 1146 esse
1130 1106 1268 1147 notus
1305 1097 1468 1160 optas?

408 1165 524 1223 Eris,
563 1166 940 1227 quandoquidem
977 1181 1104 1213 meos
1140 1180 1320 1213 amores

398 1232 518 1296 *Cum
554 1233 694 1293 longa
729 1233 915 1280 uoluisti
952 1247 1106 1279 amare
1142 1248 1307 1294 poena.

203 1456 266 1510 41
403 1456 611 1508 Ameana
648 1459 800 1521 puella
836 1460 1043 1507 defututa

407 1526 523 1574 Tota
558 1527 681 1574 milia
716 1541 790 1574 me
827 1528 985 1575 decem
1021 1527 1247 1588 poposcit,

405 1593 494 1641 Ista
529 1594 763 1656 turpiculo
799 1594 950 1655 puella
988 1608 1115 1650 naso,

406 1661 672 1708 Decoctoris
707 1661 852 1707 amica
888 1661 1118 1707 formiani.

348 1735 370 1773 5
406 1727 677 1789 Propinqui,
715 1728 883 1789 quibus
919 1734 989 1774 est
1023 1727 1180 1789 puella
1215 1740 1368 1784 curae,

404 1796 589 1842 Amicos
623 1796 919 1855 medicosque
956 1802 1232 1841 conuocate:

405 1862 508 1908 Non
547 1868 616 1909 est
650 1876 760 1908 sana
797 1861 963 1923 puella.
1034 1875 1122 1907 nec
1158 1867 1315 1921 rogate

406 1928 564 1983 Qualis
601 1929 680 1976 sit:
717 1929 835 1976 solet
870 1943 962 1975 esse
995 1928 1264 1988 imaginosa.

343 2182 390 2219 17
421 2191 465 2219 es
494 2179 578 2218 add
607 2179 866 2219 Corradinus
894 2180 943 2218 de
962 2179 1100 2218 Allio:
1129 2191 1194 2217 om
1212 2178 1255 2218 V
1275 2178 1288 2230 ΙΙ
1321 2179 1367 2218 18
1397 2176 1547 2229 quique
1575 2177 1688 2217 nuxit
1710 2176 1767 2217 0*
1795 2178 1894 2218 hinc

206 2233 320 2273 mixit
351 2233 526 2272 Ellisius
564 2233 578 2286 ΙΙ
617 2237 710 2272 Iane
742 2232 799 2271 O*
838 2230 854 2279 ΙΙ
898 2234 958 2274 18.
992 2234 1039 2273 19
1072 2232 1272 2283 Apuleius
1300 2232 1408 2282 apol.
1436 2233 1481 2271 6.·
1520 2230 1785 2283 Calpurniano
1809 2259 1820 2271 .
1846 2259 1856 2270 .
1881 2260 1893 2273 .

207 2298 326 2339 quem
362 2286 486 2326 multo
525 2286 692 2338 aequius
728 2289 812 2326 erat
849 2286 1105 2338 spurcissimo
1141 2285 1218 2325 ritu
1248 2284 1500 2334 Hiberorum,
1540 2288 1583 2324 ut
1620 2284 1676 2324 ait
1704 2283 1895 2335 Catullus,

207 2352 278 2380 sua
316 2340 393 2381 sibi
423 2340 533 2380 urina
561 2336 736 2380 ‘dentem
775 2341 896 2391 atque
925 2351 1077 2379 russam
1116 2339 1317 2391 pumicare
1355 2331 1576 2390 gingiuam‘
1612 2339 1627 2390 ΙΙ
1665 2340 1712 2379 19
1742 2349 1895 2379 russam

205 2395 430 2444 Apuleius:
458 2405 591 2433 rusam
622 2393 666 2434 V
695 2393 708 2445 ΙΙ
747 2392 953 2442 defricare]
984 2393 1185 2445 pumicare
1213 2392 1414 2443 Apuleius
1446 2391 1462 2442 fl
1497 2393 1547 2432 20
1577 2393 1622 2431 η’ῑ·
1650 2393 1716 2441 (=
1745 2391 1894 2442 noster)

210 2447 264 2486 Ο*
289 2447 543 2541 uVexpolit'or
570 2447 801 2498 (uirgulam
827 2451 923 2498 post
949 2447 1071 2485 tadd
1083 2447 1131 2497 g)
1154 2446 1187 2486 G
1216 2446 1414 2497 expolitor
1445 2446 1476 2484 0
1502 2444 1517 2497 ΙΙ
1545 2444 1644 2486 deus
1667 2446 1699 2484 Ο
1725 2444 1738 2496 ΙΙ
1766 2446 1814 2485 21
1835 2444 1898 2485 lo·

209 2508 270 2541 lus

339 2554 399 2597 40
427 2555 704 2593 Interstitium
731 2553 893 2592 nullum
915 2553 963 2593 V.
1012 2553 1074 2593 Ad
1102 2553 1297 2594 Rauidum
1325 2555 1372 2592 in
1399 2563 1532 2602 marg.
1551 2563 1585 2601 g·
1609 2551 1624 2604 ΙΙ
1653 2552 1676 2591 3
1706 2550 1805 2591 dens
1825 2549 1895 2591 V*

208 2620 347 2658 corr-g
375 2608 390 2660 [1
418 2607 671 2648 auocalusV
693 2618 838 2657 corrg
865 2606 879 2659 ΙΙ
909 2610 931 2648 5
952 2607 1231 2659 perueniamus
1250 2607 1359 2647 inora
1379 2605 1532 2657 (inhora
1551 2603 1620 2652 O*)
1639 2604 1684 2644 V
1702 2603 1718 2657 ΙΙ
1745 2606 1769 2645 6
1790 2602 1894 2650 Quid

207 2661 268 2701 nis
287 2661 344 2700 O*
371 2661 384 2714 ΙΙ
413 2664 435 2702 7
465 2661 545 2702 Ens
568 2660 623 2700 O*
650 2660 663 2714 ΙΙ
692 2662 716 2702 8
745 2672 847 2711 pena
872 2661 903 2699 0
931 2673 1073 2712 poema
1097 2661 1142 2711 G,
1172 2661 1220 2700 al’
1249 2672 1350 2713 pena
1380 2659 1464 2698 add
1490 2660 1536 2697 in
1562 2670 1696 2708 marg.
1714 2670 1747 2708 g
1775 2660 1892 2709 [pena
1967 2666 1971 2673 ·

206 2716 355 2766 (penna
383 2715 433 2766 L)
462 2714 510 2755 al’
538 2726 682 2766 poema
710 2714 795 2762 BL]

340 2766 395 2809 41
423 2769 701 2807 Interstitium
729 2767 892 2806 nullum
908 2767 947 2807 V
972 2768 985 2819 ΙΙ
1016 2771 1033 2807 1
1066 2767 1099 2806 Α
1115 2779 1177 2806 me
1193 2779 1256 2807 an.
1278 2778 1313 2806 a.
1329 2765 1462 2817 puella
1481 2765 1512 2803 0
1530 2764 1566 2803 A
1580 2776 1643 2805 me
1664 2776 1714 2804 an
1734 2763 1893 2815 apuella

210 2821 242 2860 G
270 2820 453 2861 Ametina
482 2821 703 2874 Hauptius,
726 2823 862 2872 possis
888 2823 1015 2860 etiam
1042 2820 1236 2860 Anniana.
1281 2819 1395 2859 Anne
1423 2829 1520 2859 sana
1551 2817 1723 2859 Corrad.
1753 2818 1803 2856 de
1821 2816 1893 2855 Al-

206 2875 261 2914 ἰιό
288 2874 304 2925 ΙΙ
332 2873 517 2914 diffututa
541 2875 754 2915 Guarinus
782 2875 796 2924 ΙΙ
825 2876 847 2914 2
877 2874 1000 2914 millia
1033 2875 1064 2913 G
1092 2872 1107 2927 ΙΙ
1135 2872 1318 2925 popossit
1351 2872 1407 2911 O*
1432 2872 1448 2924 ΙΙ
1477 2873 1502 2912 4
1529 2870 1698 2912 forniani
1729 2870 1773 2911 V
1793 2869 1892 2910 inde

205 2927 391 2967 formiani
420 2927 524 2974 fecit
546 2941 577 2978 g
605 2928 619 2980 ΙΙ
649 2931 671 2969 5
701 2927 834 2980 puelle
864 2927 908 2967 V
927 2928 940 2979 ΙΙ
970 2929 993 2967 6
1023 2939 1246 2967 conuocare
1277 2925 1321 2966 V
1349 2925 1364 2978 ss
1403 2928 1423 2965 7
1453 2936 1593 2975 rogare
1626 2925 1671 2965 V
1699 2922 1714 2976 ΙΙ
1747 2925 1770 2964 8
1801 2934 1890 2963 esse

205 2981 427 3033 imaginosa
455 2984 630 3032 scripsi:
659 2985 699 3022 et
726 2981 1008 3034 ymaginosum
1025 2981 1068 3021 V
1091 2980 1190 3020 haec
1212 2979 1477 3031 imaginosum
1500 2992 1535 3017 ω
1572 2977 1642 3017 sit:
1673 2975 1800 3017 solide
1830 2978 1892 3017 est

205 3034 426 3086 imaginosa
460 3035 662 3086 Havptz'us
705 3046 846 3086 rogare
875 3033 919 3080 Q.
951 3047 982 3075 s·
1012 3034 1136 3075 solet:
1167 3046 1216 3074 en
1243 3032 1506 3084 imaginosam
1529 3031 1789 3081 Doermgius
1828 3042 1892 3070 ro-

204 3099 298 3140 gare
330 3086 466 3134 Qualis
497 3088 548 3128 sit
578 3088 683 3128 solet
712 3100 779 3128 aes
808 3088 1072 3139 imaginosum
1100 3087 1396 3127 Froehlae'clzius
