2040 3372
158 129 212 169 Vl
857 129 1145 171 PRAEFATIO

273 265 478 312 damenta
513 267 783 312 recensionis
814 263 1190 314 lachmannianae
1212 281 1304 313 non
1328 275 1604 325 euenerunt,
1638 269 1715 316 sed
1736 284 1849 317 con-

267 331 528 392 firmarunt.

160 397 348 444 Selectas
370 400 582 445 uirorum
616 398 848 444 doctorum
880 400 1158 445 coniecturas
1182 399 1338 454 adieci,
1375 399 1534 459 quibus
1559 404 1609 448 in
1633 401 1846 462 eliyendis

270 467 390 512 inter
423 467 707 511 seueritatem
743 479 899 511 eorum
935 467 1016 523 qui
1046 464 1198 513 nullas
1220 466 1318 525 fere
1340 468 1435 513 nisi
1456 481 1568 526 quae
1591 467 1682 514 sibi
1703 476 1847 515 certae

270 531 486 577 uidentur
520 530 780 578 adscribunt
826 540 867 578 ec
911 545 1067 578 eorum
1101 534 1183 591 qui
1224 545 1378 579 omnes
1412 537 1620 580 omnium
1655 537 1848 595 ineptias

266 600 492 658 patienter
536 597 783 644 corradunt
828 597 1153 658 i'ndulyentiam
1197 599 1392 646 mediam
1439 600 1668 660 quandam
1718 603 1846 649 uiam

271 668 411 720 tenui,
436 678 528 710 non
552 666 742 724 iynarus
765 666 902 711 etiam
926 678 1083 711 earum
1108 664 1268 725 quibus
1291 664 1439 713 locum
1459 670 1652 714 concessi
1669 676 1846 728 partem

271 729 399 791 lonye
432 733 684 778 maximam
720 745 779 777 em
810 745 969 791 yenere
1003 745 1092 777 esse
1125 732 1471 779 incredibilium.

167 795 216 842 Vc
253 800 398 843 omnis
420 800 605 858 antiqua
633 796 803 844 Catulli
828 800 1047 844 memoria
1082 800 1132 844 in
1165 797 1244 845 hoc
1278 798 1423 847 libello
1460 799 1846 862 comprehendere—

270 871 347 910 tur
369 866 626 911 testimonia
661 878 772 925 quae
805 872 1031 910 uocantur
1065 864 1314 912 catulliana
1348 866 1479 927 infra
1515 866 1680 928 colieyi,
1717 875 1848 929 quot-

270 939 374 991 quot
409 945 437 976 a
466 937 623 991 poetae
651 937 793 977 aetate
820 931 880 977 ad
901 945 1075 978 annum
1110 936 1355 990 MGCCLXW,
1393 948 1477 995 quo
1513 934 1652 980 codem
1678 933 1851 981 Catulli

270 996 534 1058 archetypus
567 1000 830 1044 ueronensis
858 1001 1076 1058 primum,
1114 999 1232 1059 quod
1264 1001 1453 1054 scimus,
1489 1001 1733 1062 descriptus
1767 1007 1844 1059 est,

269 1066 476 1110 inuenire
511 1067 722 1124 contiyit:
758 1063 917 1125 quibus
951 1063 1106 1111 selecta
1141 1080 1163 1111 e
1197 1065 1372 1113 saeculo
1409 1073 1471 1110 XV
1503 1070 1762 1115 testimonia
1796 1067 1848 1114 de

268 1130 380 1189 fatis
415 1129 524 1176 libri
555 1131 794 1178 catulliani
826 1131 992 1178 addidi.

158 1194 359 1258 Denique
411 1198 601 1244 indicem
644 1198 887 1245 uerborum
937 1197 1290 1246 catullianorum
1341 1203 1492 1247 textui
1538 1200 1848 1248 subiciendum

272 1266 446 1319 curaui,
483 1267 611 1311 cuius
644 1267 844 1312 rationes
872 1267 1015 1326 periti
1045 1264 1182 1325 facile
1211 1268 1495 1327 perspicient.

366 1395 401 1441 T
398 1397 590 1459 ubinyae
623 1413 683 1445 m.
709 1400 801 1446 ian.
836 1414 877 1447 a.
904 1404 1225 1443 MDCCCLXXXVI.
