2040 3372
809 149 873 198 52,
901 149 1043 197 3—54‚
1072 150 1094 187 7
1722 150 1784 195 35

314 279 404 326 Per
438 279 726 343 consulatum
759 280 960 341 perierat
994 281 1222 329 Vatinius:

315 344 436 402 Quid
470 352 552 404 est,
589 345 795 394 Catulle?
831 347 940 409 quid
974 348 1166 399 moraris
1199 347 1376 396 emori?

115 542 180 595 53
311 541 418 594 Risi
454 544 609 591 nescio
647 559 784 606 quem
818 547 954 593 modo
989 563 1012 594 e
1046 562 1230 605 corona,

314 610 418 668 Qui,
455 625 558 657 cum
594 611 784 658 mirifice
819 613 1050 660 uatiniana

312 677 439 725 Meus
474 677 665 724 crimina
702 678 864 726 Caluos
899 681 1183 742 explicasset,

312 743 552 791 Admirans
586 744 648 791 ait
682 745 794 792 haec
829 761 1084 808 manusque
1119 747 1285 795 tollens

255 818 277 857 5
305 805 397 857 ‘Dii
432 811 601 872 magni,
636 812 908 874 salaputium
943 806 1210 862 disertuml'

113 1005 178 1060 54
311 1005 478 1060 Otonis
513 1017 650 1072 caput
684 1011 850 1072 oppido
885 1012 1114 1074 pusillum,

310 1075 412 1137 †Et
445 1077 512 1123 eri
546 1077 716 1124 rustica
751 1079 987 1125 semilauta
1022 1094 1169 1138 crura,

313 1142 489 1190 Subtile
526 1151 570 1190 et
603 1144 705 1191 leue
739 1145 944 1206 peditum
980 1145 1184 1204 Libonis,

310 1208 358 1255 Si
393 1223 488 1256 non
526 1211 693 1267 omnia,
730 1211 971 1272 displicere
1006 1213 1171 1261 uellem

253 1282 275 1320 5
309 1274 411 1321 Tibi
446 1283 491 1323 et
524 1276 722 1337 Fufici0‚
759 1282 863 1325 seni
894 1286 1104 1326 recocto:
1139 1307 1215 1337 —-,

309 1341 512 1390 Irascere
546 1343 712 1390 iterum
747 1345 860 1392 meis
894 1345 1055 1393 iambis

309 1408 665 1469 Inmerentibus‚
701 1411 838 1459 unice
872 1412 1136 1474 imperator.

110 1651 199 1699 pter
235 1659 353 1700 quam
389 1649 439 1688 ab
466 1647 641 1688 Antonio
678 1650 923 1701 proscriptus
962 1652 1023 1690 est
1059 1649 1211 1690 Nonius
1247 1650 1424 1697 senator,
1463 1647 1569 1688 filius
1606 1650 1779 1688 strumae

110 1701 228 1741 Nonii
255 1702 341 1741 eius
370 1714 487 1754 quem
509 1702 685 1742 Catullus
713 1707 832 1753 poeta
862 1704 901 1742 in
931 1704 1028 1743 sella
1058 1703 1183 1742 curuli
1209 1702 1337 1741 uisum
1365 1700 1526 1752 indigne
1548 1701 1650 1750 tulit,
1678 1702 1780 1740 Boe-

110 1756 224 1794 thius
237 1768 345 1796 cons.
357 1757 509 1805 philos.
523 1757 564 1803 5,
580 1757 684 1806 ,νικά
711 1756 814 1796 unde
834 1757 1011 1797 Catullus
1038 1757 1133 1796 licet
1161 1756 1200 1795 in
1230 1755 1355 1795 curuli
1375 1754 1546 1794 Nonium
1575 1754 1778 1794 sedentem

109 1812 299 1848 strumam
329 1809 503 1860 adpellat
537 1809 552 1861 ΙΙ
584 1808 738 1848 Nonius
769 1808 948 1860 Caesius,
975 1811 1147 1860 Plinius,
1176 1809 1431 1858 Victorinus,
1459 1809 1682 1847 Boethius:
1709 1820 1778 1848 no-

107 1862 197 1903 uius
225 1862 271 1902 V
291 1862 304 1911 ΙΙ
331 1863 354 1902 3
389 1861 574 1901 Vacinius
606 1862 636 1901 G
665 1861 678 1912 Η
706 1864 730 1901 4
759 1863 856 1902 mori
886 1863 924 1903 V

240 1913 299 1957 53
325 1914 499 1955 Nullum
526 1916 798 1954 interstitium
820 1917 866 1956 V
881 1916 897 1968 ΙΙ
926 1919 944 1956 1
977 1915 1062 1956 Nisi
1085 1916 1140 1954 Ο*
1167 1914 1181 1966 ΙΙ
1210 1917 1246 1964 e]
1277 1915 1380 1964 7(-—=
1399 1915 1454 1963 et)
1483 1914 1528 1953 V
1561 1924 1607 1951 ec
1633 1913 1704 1951 uel
1731 1925 1779 1952 ex

108 1969 387 2007 Baehrensius
418 1969 433 2022 ΙΙ
472 1970 495 2008 2
523 1971 607 2007 tum
639 1968 694 2006 O*
719 1968 734 2021 ΙΙ
761 1969 965 2008 uaciniana
995 1970 1032 2019 (c
1059 1981 1236 2019 superne
1263 1968 1445 2014 adv-asra,-
1478 1970 1495 2005 t
1523 1966 1620 2006 olim
1647 1965 1780 2012 fuisse

107 2023 277 2060 minime
305 2025 464 2060 certum
491 2025 563 2071 est)
595 2021 628 2061 G
660 2020 674 2073 ΙΙ
711 2024 734 2061 3
763 2034 874 2062 meos
904 2023 949 2062 V
973 2022 987 2075 ΙΙ
1021 2022 1197 2071 crimina]
1225 2033 1312 2060 sscr
1340 2020 1387 2059 al'
1417 2020 1588 2059 carmina
1612 2031 1644 2069 g
1670 2018 1685 2070 ΙΙ
1713 2031 1778 2059 ex-

110 2075 279 2126 plicaset
309 2075 364 2114 0*
390 2074 405 2126 ΙΙ
432 2076 458 2115 4
484 2074 666 2114 Amirans
698 2075 752 2113 0*
778 2076 791 2127 Η
820 2076 935 2114 Inter
961 2088 1002 2115 u.
1021 2078 1045 2115 4
1065 2079 1104 2114 et
1121 2077 1147 2114 5
1170 2075 1490 2125 paragraphum
1517 2073 1714 2122 adpinoeit
1739 2076 1780 2110 et

107 2130 154 2167 in
188 2140 321 2178 marg.
360 2130 470 2167 hunc
508 2128 675 2174 titulum
713 2129 937 2179 adscripsit
963 2128 1018 2168 De
1049 2129 1204 2168 octonis
1241 2127 1370 2179 capite
1395 2139 1427 2176 g
1469 2126 1539 2175 [De
1568 2126 1777 2174 ot(th)onis

108 2182 237 2233 capite
263 2181 505 2231 ABCHLA]
533 2182 547 2233 ΙΙ
575 2183 597 2221 5
627 2182 890 2233 salapantium
920 2182 1119 2222 desertum
1152 2183 1198 2231 V,
1229 2181 1282 2229 cll
1312 2181 1466 2220 Seneca
1497 2183 1683 2219 contr-ou.
1702 2179 1777 2228 7‚4

107 2235 200 2285 (49),
222 2248 267 2286 p.
294 2236 378 2276 ,352
392 2235 531 2274 Kiessl.
570 2239 654 2274 erat
691 2236 794 2275 enim
824 2236 1008 2284 (Caluus)
1042 2236 1228 2286 paruolus
1264 2237 1435 2280 statura,
1473 2238 1633 2284 propter
1670 2232 1778 2284 quod

107 2288 227 2328 etiam
256 2289 434 2329 Catullus
468 2289 509 2327 in
549 2288 895 2341 hendecasyllabis
931 2293 1051 2329 uocat
1084 2289 1196 2327 illum
1225 2282 1497 2339 ‘salaputtium
1532 2288 1607 2336 (sic
1643 2286 1776 2335 codd.)

107 2337 313 2382 disertum'
540 2343 547 2354 '
904 2381 909 2389 ¹

238 2394 298 2438 54.
325 2394 498 2435 Nullum
525 2397 795 2433 interstitium
819 2395 868 2435 V.
923 2396 1000 2433 hoc
1028 2406 1193 2434 carmen
1221 2398 1296 2433 aut
1322 2394 1562 2432 lacunosum
1591 2405 1675 2430 esse
1702 2396 1779 2430 aut

106 2462 160 2488 ex
186 2449 449 2488 diuersorum
469 2451 701 2488 carminum
714 2448 939 2499 particulis
958 2452 1147 2487 constare
1165 2449 1286 2487 multi
1310 2450 1570 2498 putauerunt
1595 2443 1609 2496 ΙΙ
1639 2447 1657 2486 1
1683 2444 1777 2484 Oto-

107 2502 168 2542 nis
187 2502 245 2542 V:
268 2502 445 2551 [Octonis
467 2502 624 2541 BDAP
666 2501 832 2541 Othonis
851 2502 1008 2551 ACHL]
1037 2502 1051 2554 ΙΙ
1080 2502 1207 2552 capud
1230 2502 1286 2540 0*
1313 2500 1326 2552 ΙΙ
1354 2499 1500 2550 0*ρίᾰο
1528 2498 1687 2546 (fuerat
1706 2511 1775 2549 op-

106 2555 215 2606 pido)
247 2555 280 2596 G
321 2555 438 2606 apido
462 2556 517 2594 O*
544 2556 558 2606 ΙΙ
589 2559 650 2595 est
679 2556 810 2606 pus(ss
842 2555 1025 2604 0*)illum
1046 2555 1091 2595 V
1111 2555 1273 2606 (oppido
1302 2558 1362 2593 est
1391 2552 1594 2604 pusillum)
1623 2551 1775 2590 Munro

106 2611 120 2659 ΙΙ
142 2613 239 2659 post
264 2610 285 2648 Ἰ
314 2614 510 2648 secuntur
537 2611 583 2648 in
612 2609 656 2648 V
677 2609 759 2647 duo
788 2621 934 2647 uersus
959 2611 1023 2658 50,
1041 2609 1088 2648 ’16
1117 2612 1158 2647 et
1182 2610 1230 2648 ’17
1257 2611 1408 2646 iterum
1440 2607 1589 2656 scripti
1616 2604 1698 2643 Hoc
1718 2604 1775 2654 (H'

106 2680 159 2695 =
186 2661 266 2702 Hec
297 2663 343 2711 0)
371 2662 540 2702 iocunde
571 2662 642 2702 tibi
671 2674 811 2713 poema
841 2662 917 2701 feci
946 2661 1085 2712 Exquo
1117 2662 1360 2713 perspiceres
1399 2671 1529 2698 meum
1558 2658 1734 2697 dolorem
1760 2657 1774 2709 ΙΙ

108 2718 132 2756 2
160 2715 210 2754 Et
237 2716 292 2755 eri
313 2716 362 2764 V,
390 2716 488 2754 inde
504 2715 608 2763 fecit
634 2716 682 2754 Et
702 2715 784 2755 heri
808 2727 840 2765 g
882 2714 972 2754 Heri
989 2715 1176 2754 Muretus
1218 2714 1310 2754 Neri
1330 2714 1429 2753 Luc.
1449 2712 1623 2751 Mueller
1665 2710 1775 2750 Vetti

108 2769 279 2808 Vossius
319 2770 397 2808 alii
424 2769 509 2808 alia
537 2769 600 2818 Et,
629 2769 840 2816 trirustice,
869 2767 1021 2807 Mum-0
1049 2769 1063 2820 ΙΙ
1089 2769 1235 2807 rustica
1265 2782 1321 2807 w:
1360 2766 1507 2806 rustice
1536 2765 1574 2805 V
1614 2764 1775 2803 Rustica

107 2821 267 2862 Statius
299 2823 314 2876 ΙΙ
350 2825 456 2862 cruta
490 2823 545 2861 0*
578 2822 593 2875 ΙΙ
629 2824 651 2862 5
682 2821 831 2861 Fuficio
856 2822 1084 2871 Hauptius:
1122 2821 1278 2861 sufficio
1309 2820 1347 2860 V
1386 2817 1547 2858 Fuffitio
1585 2818 1776 2867 Scaliger

107 2874 122 2926 ΙΙ
148 2876 302 2916 seniore
331 2880 445 2915 cocto
475 2877 524 2924 V,
563 2888 584 2915 c
613 2877 777 2915 litterae
807 2877 1099 2926 superscripsit
1125 2875 1172 2914 al’
1194 2888 1259 2926 .p.‚
1288 2878 1335 2912 ut
1362 2876 1465 2911 esset
1490 2875 1622 2924 copto,
1638 2883 1671 2921 g·
1700 2873 1776 2919 [se-

106 2928 218 2968 niore
251 2934 370 2980 copto
398 2928 718 2978 ABCDHLAP]
747 2929 832 2968 seni
867 2931 1041 2976 recocto]
1077 2924 1327 2979 ‘glossarium
1364 2927 1645 2976 interpretatur
1674 2922 1775 2967 ἄπε-

108 2980 227 3035 φθον
253 2984 443 3036 γέροντα,
473 2995 560 3022 cum
590 2982 695 3022 hunc
723 2982 854 3021 locum
882 2981 922 3020 in
942 2982 1074 3020 animo
1094 2979 1271 3022 haberet'
1296 2980 1486 3029 Scaliger
1513 2979 1527 3031 ΙΙ
1552 2981 1676 3017 iuoeta
1695 2979 1774 3017 ωδ

107 3039 153 3074 in
181 3039 371 3085 margine
397 3038 568 3087 scripsit
589 3048 621 3085 g
648 3035 688 3074 In
719 3035 936 3075 Camerium
967 3037 1078 3083 [item
1113 3036 1214 3074 libri
1238 3035 1442 3086 plerique]
1477 3032 1491 3085 ss
1529 3035 1550 3072 7
1579 3032 1771 3070 lnmeren-

109 3089 216 3129 tibus
249 3088 305 3127 0.·
332 3089 633 3129 Immerentibus
656 3088 699 3130 G.
749 3088 801 3136 cf.
818 3089 943 3138 gloss.
963 3087 1175 3131 Labb.87d
1208 3087 1508 3128 immerentibus
1536 3081 1722 3131 ἀναξίοις

1405 3151 1454 3192 3*
