2040 3372
899 116 962 163 67,
994 115 1122 155 1—27
1787 115 1846 161 ’77

174 242 240 296 67
374 242 416 296 0
452 247 574 294 dulci
607 247 807 294 iocunda
842 247 961 302 uiro,
997 247 1195 295 iocunda
1230 247 1426 307 parenti,

441 313 593 370 Salue,
628 320 767 374 teque
804 313 925 360 bona
960 314 1137 375 Iupiter
1170 319 1324 360 auctet
1358 327 1460 374 ope,

366 378 521 435 Ianua,
558 394 696 440 quam
732 380 873 427 Balbo
910 380 1072 427 dicunt
1105 379 1303 427 seruisse
1337 379 1542 439 benigne

441 445 563 492 Olim
598 461 703 492 cum
740 447 872 493 sedes
907 447 1005 507 ipse
1040 460 1184 494 senex
1217 445 1382 502 tenuit,

310 518 332 556 5
369 510 609 572 Quamque
645 513 805 559 ferunt
838 527 1000 560 rursus
1035 520 1147 560 uoto
1181 511 1380 559 seruisse
1416 511 1617 572 maligno

440 578 691 639 Postquam
728 593 775 626 es
809 586 1026 640 porrecto
1064 580 1182 625 facta
1217 578 1382 624 marita
1416 592 1542 637 sene,

367 643 452 690 Dic
487 658 570 705 age
605 646 714 692 dum
747 645 883 692 nohis
919 660 1060 706 quare
1095 651 1268 691 mutata
1303 644 1467 690 feraris

439 710 491 756 In
530 711 769 758 dominum
806 719 1010 758 ueterem
1047 711 1302 758 deseruisse
1335 710 1489 757 fidem.

278 774 281 776 “
362 769 485 823 ‘Non
522 777 603 834 (ita
639 777 837 825 Caecilio
871 779 1092 840 placeam,
1129 777 1204 824 cui
1238 776 1404 823 tradita
1440 790 1568 823 nunc
1604 777 1726 834 sum)

289 848 334 887 10
440 843 582 904 Culpa
618 858 719 891 mea
755 852 838 901 est,
875 859 1151 905 quamquam
1186 843 1355 890 dicitur
1389 858 1490 890 esse
1524 857 1640 898 mea,

366 908 463 956 Nec
497 918 740 970 peccatum
775 925 798 956 a
821 925 908 957 -me
943 911 1184 971 quisquam
1233 916 1342 971 pote
1385 909 1540 956 dicere
1577 909 1849 970 quidquam:

442 975 611 1022 Verum
647 977 721 1023 isti
757 977 929 1039 populo
966 977 1100 1023 ianua
1138 982 1314 1037 quanta
1348 976 1476 1022 facitl

368 1040 472 1099 Qui,
510 1057 804 1103 quacumque
840 1043 1010 1103 aliquid
1045 1043 1279 1103 reperitur
1315 1057 1411 1088 non
1448 1041 1570 1088 bene
1606 1042 1792 1098 factum,

439 1109 508 1154 Ad
542 1123 618 1155 me
655 1123 818 1156 omnes
854 1110 1054 1155 clamant
1083 1105 1255 1166 ‘ianua‚
1292 1108 1428 1169 culpa
1462 1115 1541 1154 tua
1577 1101 1689 1155 est.³'

289 1179 331 1218 15
365 1173 467 1220 Non
505 1174 623 1221 istuc
658 1176 767 1222 satis
802 1182 872 1222 est
905 1190 1000 1222 uno
1037 1182 1083 1221 te
1119 1176 1273 1222 dicere
1309 1174 1470 1231 uerbo,

440 1240 530 1287 Sed
566 1242 720 1288 facere
754 1248 806 1288 ut
842 1242 994 1302 quiuis
1029 1242 1195 1288 sentiat
1230 1248 1275 1288 et
1310 1241 1478 1287 uideat.

362 1299 480 1360 ‘Qui
510 1306 736 1369 possum?
772 1323 909 1355 nemo
946 1308 1126 1368 quaerit
1161 1323 1248 1355 nec
1283 1308 1402 1355 scire
1437 1299 1643 1354 laborat.³

437 1373 533 1421 Nos
568 1375 805 1422 uolumus:
847 1374 982 1421 nobis
1018 1374 1170 1421 dicere
1206 1389 1266 1421 ne
1303 1373 1475 1420 dubita.

361 1431 588 1486 ‘Primum
625 1441 765 1502 igitur
799 1440 933 1501 uirgo
970 1441 1094 1501 quod
1130 1441 1278 1487 fertur
1312 1439 1479 1486 tradita
1517 1439 1653 1486 nobis

286 1511 330 1550 20
438 1505 625 1553 Falsum
660 1514 743 1554 est.
814 1522 909 1554 non
947 1507 1071 1553 illam
1106 1507 1182 1553 uir
1215 1508 1345 1569 prior
1378 1506 1594 1566 attigerit,

367 1570 652 1633 Languidior
685 1580 846 1621 tenera
882 1574 956 1620 cui
992 1573 1203 1634 pendens
1237 1573 1382 1620 sicula
1416 1572 1522 1619 beta

439 1638 701 1700 Numquam
738 1656 787 1687 se
822 1641 1017 1686 mediam
1054 1640 1239 1686 sustulit
1273 1640 1332 1687 ad
1364 1639 1595 1685 tunicam:

370 1703 458 1750 Sed
495 1713 628 1766 pater
662 1706 785 1753 illius
821 1707 947 1766 gnati
983 1705 1179 1752 uiolasse
1214 1705 1364 1752 cubile

441 1770 620 1818 Dicitur
655 1778 701 1819 et
733 1772 945 1819 miseram
984 1772 1326 1819 conscelerasse
1361 1771 1564 1827 domum,

289 1842 333 1880 25
368 1836 476 1883 Siue
512 1839 635 1898 quod
670 1838 812 1899 impia
846 1852 978 1885 mens
1014 1852 1152 1884 caeco
1188 1837 1409 1899 flagrabat
1443 1851 1616 1894 amore,

441 1904 532 1950 Seu
569 1905 693 1964 quod
730 1906 855 1952 iners
888 1904 1034 1951 sterili
1070 1904 1245 1951 semine
1282 1910 1417 1950 natus
1453 1910 1551 1950 erat

368 1968 427 2015 Et
462 1972 755 2030 quaerendus
789 1974 829 2018 is
861 1972 986 2017 unde
1021 1971 1142 2017 foret
1176 1971 1425 2017 neruosius
1461 1970 1572 2016 illud

303 2085 359 2127 67
378 2087 654 2126 Interstitium
673 2087 836 2126 nullum
853 2086 904 2127 V.
933 2089 1255 2138 paragraphum
1274 2088 1449 2125 rubram
1467 2099 1509 2126 u.
1524 2086 1546 2124 4
1562 2088 1811 2136 praeposuit
1822 2097 1855 2135 g

170 2139 185 2193 Η
213 2143 238 2181 4
265 2151 383 2179 senes
410 2141 540 2179 tenuit
572 2139 629 2179 O*
654 2138 669 2193 ΙΙ
698 2142 720 2180 5
751 2139 999 2191 Quamquam
1032 2141 1063 2179 0
1103 2139 1117 2193 ΙΙ
1159 2140 1307 2180 seruire
1335 2139 1499 2178 Riesius
1539 2137 1554 2191 Η
1595 2139 1769 2189 maligne
1800 2138 1854 2176 0*

170 2197 266 2233 nato
295 2194 426 2242 (natae
455 2194 748 2244 Baehrensz'us)
776 2217 828 2223 —
857 2194 1030 2244 maligne
1057 2194 1351 2233 Froehlichz'us
1378 2192 1393 2245 Η
1429 2195 1452 2232 6
1482 2199 1545 2232 est
1575 2193 1617 2232 V
1638 2191 1652 2245 Η
1688 2196 1854 2242 porecto

157 2246 233 2286 G*
259 2245 274 2299 ΙΙ
301 2246 442 2286 marite
465 2247 510 2287 V
528 2245 542 2299 ΙΙ
570 2250 591 2286 7
623 2258 697 2297 age
726 2247 776 2286 de
803 2247 920 2286 uobis
942 2246 983 2286 V
1005 2245 1020 2298 ΙΙ
1049 2248 1071 2287 8
1100 2251 1276 2286 ueterem
1301 2247 1354 2284 Ο.-
1384 2257 1571 2285 uenerem
1595 2246 1628 2285 G
1658 2248 1714 2294 [et
1724 2246 1854 2295 pleri-

172 2313 262 2350 que,
290 2310 492 2349 uenerem,
521 2312 619 2338 corr
636 2302 683 2338 in
712 2303 903 2349 ueterem,
931 2300 980 2347 L]
1009 2299 1023 2352 ΙΙ
1052 2299 1298 2339 desseruisse
1318 2301 1431 2348 (corr
1453 2299 1520 2348 θ’)
1542 2298 1597 2338 G*
1617 2298 1675 2351 119
1694 2302 1854 2349 pateam

171 2353 334 2393 Statius
359 2351 374 2404 Η
402 2352 546 2392 tradita
578 2353 633 2391 O*
660 2352 674 2405 Η
705 2356 751 2393 10
782 2364 981 2404 quaquam
1016 2353 1072 2392 O*
1100 2352 1114 2406 ΙΙ
1145 2355 1189 2394 11
1223 2353 1395 2404 qdquam
1426 2354 1522 2400 (sic,
1550 2364 1635 2390 non
1662 2351 1854 2403 qdquam)

174 2406 231 2444 0*
259 2406 471 2457 quicquam
503 2406 537 2445 G
570 2404 585 2458 ΙΙ
624 2408 672 2446 12
702 2406 782 2454 [isti
811 2406 1042 2445 ABCHLA
1068 2406 1199 2446 Laur.
1226 2407 1296 2455 55,
1323 2406 1374 2445 42
1405 2405 1541 2445 Vatia.
1570 2405 1707 2453 4650J:
1736 2404 1854 2444 istius

174 2458 244 2500 V*
270 2458 372 2507 [istis
390 2459 431 2497 D
448 2458 560 2498 Ricc.
580 2460 654 2498 606
682 2459 791 2498 Brit.
810 2459 1084 2499 4467444945
1111 2460 1245 2498 Paris.
1272 2460 1384 2499 7990.
1411 2459 1539 2507 8252]
1566 2456 1581 2510 ΙΙ
1608 2456 1748 2509 populi
1777 2457 1816 2497 V
1841 2455 1856 2509 ΙΙ

172 2515 318 2565 quanta
339 2514 490 2563 scripsi
499 2528 513 2550 .·
540 2512 609 2563 qui
630 2516 670 2551 te
691 2512 731 2552 V
755 2512 862 2551 istud
882 2512 1020 2564 populi
1050 2512 1197 2562 fabula,
1228 2511 1373 2558 Quinte
1393 2512 1565 2561 (naenia,
1595 2510 1741 2557 Quinte
1767 2512 1855 2549 iam

171 2565 391 2615 Scaliger),
419 2565 516 2604 facit
534 2565 830 2605 Lachmannus
858 2570 920 2605 est
940 2577 985 2604 os
1005 2566 1144 2616 populi
1172 2561 1325 2605 ‘ianua’
1356 2564 1502 2611 Quinte
1519 2559 1652 2603 ‘facit'
1677 2563 1855 2602 Ellis-ius

171 2622 260 2659 astu
288 2618 429 2669 populi
456 2618 575 2658 ianua
604 2619 753 2670 quippe
781 2618 878 2658 facit
905 2618 1058 2658 Munro
1100 2619 1167 2658 isti
1203 2618 1354 2670 populo
1390 2618 1509 2657 ianua
1547 2616 1725 2668 quidque
1760 2616 1856 2655 facit

170 2671 283 2724 (quid
310 2671 431 2711 faciat
449 2674 468 2710 ?
485 2672 674 2720 Vossius)
694 2685 730 2711 ω
771 2674 835 2711 est
868 2683 949 2711 uox
986 2671 1126 2722 populi
1155 2667 1291 2711 ‘ianua
1322 2675 1465 2710 cuncta
1498 2665 1611 2709 facit'
1642 2670 1853 2708 Baehren-

166 2727 256 2764 sz'us
281 2723 297 2777 ΙΙ
327 2726 374 2764 16
404 2724 471 2777 qui
498 2725 562 2765 uis
594 2723 670 2777 Vll
707 2726 754 2765 17
786 2723 887 2770 Quid
917 2725 960 2764 V
980 2723 995 2777 11
1026 2727 1072 2765 18
1102 2725 1218 2764 uobis
1248 2725 1287 2765 V
1314 2737 1411 2763 corr
1446 2723 1636 2762 Muretus
1670 2722 1684 2775 ΙΙ
1717 2734 1768 2763 ue
1799 2723 1856 2761 0*

174 2777 190 2832 ΙΙ
216 2780 266 2818 20
294 2789 372 2817 non
403 2778 471 2830 qui
498 2778 609 2818 illam
637 2780 708 2827 (coe
735 2789 907 2828 namque
928 2779 977 2828 ω)
1007 2778 1199 2828 Scaliger
1225 2777 1240 2831 Η
1268 2778 1457 2827 attigerat
1486 2790 1521 2815 ω
1548 2775 1564 2829 ΙΙ
1593 2778 1640 2817 21
1671 2788 1738 2815 om
1764 2778 1855 2814 sine

164 2832 399 2870 .z'nterstitio
432 2831 499 2870 0*.
527 2831 583 2879 cs'.
612 2833 669 2870 ad
692 2833 753 2880 64,
771 2832 850 2871 586
877 2830 891 2883 ΙΙ
920 2832 969 2871 22
999 2830 1063 2880 ad]
1092 2832 1194 2871 hanc
1227 2833 1272 2872 V
1288 2830 1302 2883 ΙΙ
1332 2832 1381 2870 23
1411 2830 1538 2880 ipsius
1567 2830 1756 2869 Muretus
1782 2828 1853 2868 ille

171 2884 232 2924 sui
261 2884 454 2933 Scaliger
480 2885 589 2924 illusi
615 2886 898 2924 Baelzrensius
933 2883 947 2936 ΙΙ
983 2885 1031 2924 27
1063 2885 1112 2923 Et
1139 2884 1209 2934 (Vt
1235 2884 1458 2934 Bergkz'us)
1488 2883 1757 2935 quaerendum
1786 2884 1854 2931 (ω)

169 2937 274 2977 unde
302 2937 408 2977 unde
437 2938 598 2977 Statius
623 2937 833 2988 Bergk-ius
879 2937 939 2977 Ne
967 2936 1038 2986 (Vt
1064 2937 1353 2986 Rossbachius)
1395 2937 1664 2988 quaerendum
1693 2935 1854 2975 aliunde

171 3004 207 3028 ω
234 2991 248 3043 ΙΙ
282 2990 316 3030 is
346 2990 431 3030 add
455 2991 774 3030 Lachmannus:
804 3003 869 3029 om
900 2991 944 3031 V
961 2989 976 3042 ΙΙ
1005 2989 1574 3041 n⁵uosius()⁰1ceratnu⁵osius‚
1603 2992 1694 3041 ipsa
1716 3002 1768 3029 m.
1787 3001 1854 3040 pr.

173 3045 283 3093 corr)
314 3043 371 3082 0*
398 3044 607 3083 neruosius
635 3044 688 3084 ile
717 3043 988 3094 Rossbergius
