2040 3372
230 104 293 149 62
911 112 974 163 64,
1007 113 1213 154 165—191

261 249 328 287 165
362 240 611 290 Externata
648 245 782 299 malo,
821 260 938 307 quae
974 247 1111 295 nullis
1147 247 1361 295 sensibus
1396 255 1556 296 auctae

361 308 456 356 Nec
490 311 651 359 missas
685 312 844 360 audire
880 321 1058 374 queunt
1093 330 1180 361 nec
1215 315 1410 362 reddere
1446 315 1623 364 uoces?

362 374 441 422 Ille
477 384 630 425 autem
665 394 814 440 prope
849 379 937 425 iam
974 380 1138 428 mediis
1172 388 1386 428 uersatur
1419 382 1467 428 in
1504 384 1655 442 undis,

362 442 457 489 Nec
493 444 737 505 quisquam
772 453 964 507 apparet
999 462 1144 494 uacua
1179 448 1386 496 mortalis
1421 449 1468 495 in
1505 450 1619 512 alga.

362 509 437 556 Sic
473 511 610 558 nimis
646 512 873 560 insultans
909 520 1115 560 extremo
1150 522 1359 576 tempore
1394 530 1531 562 saeua

260 582 326 622 170
361 575 478 623 Fors
516 579 651 624 etiam
689 580 859 626 nostris
894 580 1062 627 inuidit
1097 582 1338 642 questibus
1374 583 1514 630 auris.

359 642 535 704 Iupiter
571 646 882 707 omnipotens,
919 647 1096 694 utinam
1132 664 1192 695 ne
1229 656 1437 710 tempore
1471 650 1622 711 primo

361 709 532 757 Gnosia
568 712 809 774 cecropiae
843 713 1105 774 tetigissent
1137 715 1271 762 litora
1305 731 1500 777 puppes,

357 776 588 824 Indomito
625 794 712 826 nec
747 780 844 826 dira
878 781 1035 828 ferens
1069 781 1297 842 stipendia
1332 790 1466 829 tauro

358 843 566 891 Perfidus
601 845 648 891 in
686 845 817 893 Creta
853 847 1091 909 religasset
1125 849 1278 895 nauita
1313 850 1488 905 funem,

257 917 323 956 175
356 910 452 957 Nec
487 912 634 959 malus
668 913 743 959 hic
779 914 934 962 celans
969 914 1092 961 dulci
1126 915 1332 962 crudelia
1366 917 1515 962 forma

359 976 561 1025 Consilia
595 982 646 1026 in
681 981 855 1028 nostris
891 982 1143 1042 requiesset
1178 983 1364 1030 sedibus
1398 983 1590 1045 hospes!

355 1044 470 1090 'Nam
507 1061 598 1106 quo
635 1062 709 1094 me
745 1047 976 1095 referam?
1013 1049 1135 1109 quali
1170 1064 1252 1110 spe
1287 1049 1466 1111 perdita
1502 1048 1661 1097 nitor?

358 1110 582 1160 Idaeosne
618 1122 770 1175 petam
805 1114 1022 1162 montes?
1058 1131 1098 1173 a,
1134 1116 1314 1177 gurgite
1350 1116 1440 1162 lato

358 1178 638 1228 Discernens
673 1182 806 1243 ponti
842 1183 1158 1230 truculentum
1194 1183 1274 1229 ubi
1310 1183 1472 1230 diuidit
1506 1197 1695 1244 aequor.

256 1252 321 1291 180
356 1245 427 1291 An
463 1248 606 1308 patris
641 1249 861 1296 auxilium
897 1264 1094 1310 sperem,
1133 1264 1334 1310 quemne
1369 1250 1467 1311 ipsa
1501 1250 1668 1311 reliqui

356 1312 639 1375 Respersum
674 1316 892 1363 iuuenem
929 1317 1132 1363 fraterna
1168 1318 1307 1363 caede
1344 1315 1536 1364 secuta?

358 1379 577 1442 Coniugis
612 1397 670 1428 an
708 1384 799 1429 fido
837 1383 1050 1430 consoler
1084 1391 1255 1430 memet
1290 1398 1463 1440 amore,

357 1446 509 1501 Quine
545 1449 663 1509 sugit
697 1450 849 1497 lentos
884 1450 1140 1498 incuruans
1175 1451 1357 1511 gurgite
1398 1448 1587 1497 remos?

356 1514 598 1562 Praeterea
634 1516 762 1563 nullo
798 1517 919 1575 litus,
956 1517 1052 1564 sola
1086 1517 1251 1574 insula,
1288 1524 1426 1574 tecte,

254 1587 321 1627 185
354 1580 448 1627 Nec
484 1589 610 1643 patet
643 1598 857 1644 egressus
891 1584 1040 1645 pelagi
1077 1584 1373 1645 cingentibus
1410 1583 1570 1631 undis:

354 1647 488 1694 Nulla
522 1650 656 1710 fugae
692 1651 824 1707 ratio,
862 1651 987 1697 nulla
1021 1666 1149 1712 spes:
1187 1651 1344 1697 omnia
1379 1658 1518 1707 muta,

357 1714 522 1761 Omnia
556 1724 666 1763 sunt
700 1718 895 1774 deserta,
933 1724 1168 1764 ostentant
1204 1719 1358 1764 onmia
1393 1717 1551 1764 letum.

353 1781 456 1827 Non
493 1790 646 1830 tamen
685 1791 792 1831 ante
829 1785 938 1830 mihi
974 1785 1277 1846 languescent
1310 1784 1484 1831 lumina
1519 1790 1684 1841 morte,

353 1849 447 1895 Nec
483 1851 612 1910 prius
647 1865 671 1896 a
707 1852 828 1898 fesso
865 1852 1086 1898 secedent
1119 1866 1317 1913 corpore
1352 1866 1516 1899 sensus

253 1921 318 1960 190
353 1914 501 1969 Quam
537 1917 702 1964 iustam
738 1933 760 1964 a
798 1918 916 1965 diuis
951 1933 1194 1980 exposcam
1230 1918 1413 1980 prodita
1447 1917 1663 1964 mulctam

353 1982 701 2045 Caelestumque
737 1985 872 2031 fidem
909 1994 1142 2046 postrema
1179 1999 1444 2047 comprecer
1478 1985 1606 2031 hora.

355 2156 428 2195 165
458 2155 670 2195 Externata
696 2156 750 2195 0*
778 2156 1001 2196 Extenuata
1025 2156 1057 2196 G
1089 2157 1340 2205 [Extenruata
1360 2157 1399 2194 D
1407 2171 1423 2205 ,-
1450 2168 1469 2194 r
1489 2156 1677 2195 litterula
1697 2168 1723 2194 a
1744 2167 1810 2205 pr.
1830 2154 1900 2205 m.}

217 2207 232 2260 ΙΙ
259 2207 414 2259 maloq2
447 2209 478 2247 Ο
505 2209 518 2259 Η
557 2215 672 2248 aucte
701 2211 843 2259 (super
873 2214 911 2250 te
938 2223 1026 2249 sscr
1053 2211 1102 2248 al’
1135 2215 1173 2249 to
1198 2212 1245 2260 g)
1277 2210 1322 2249 V
1354 2210 1367 2262 ΙΙ
1411 2211 1486 2250 168
1515 2210 1555 2248 in
1585 2214 1674 2248 acta
1703 2209 1899 2247 Heinsius

215 2260 287 2310 (cf.
317 2274 358 2301 u.
385 2264 448 2312 60)
484 2261 497 2314 ΙΙ
535 2266 611 2302 170
640 2263 735 2302 Fers
769 2264 824 2302 0*
853 2262 866 2315 ΙΙ
909 2267 998 2304 171.
1031 2265 1106 2305 172
1135 2264 1376 2302 Macrobius
1402 2266 1480 2302 sat.
1508 2265 1545 2313 6,
1573 2263 1608 2311 4,
1637 2263 1688 2302 42
1717 2260 1898 2301 Catullus

213 2313 406 2367 ‘Iuppiter
434 2316 687 2366 omnipotens
717 2318 867 2356 utinam
899 2330 994 2357 non
1021 2340 1074 2346 —
1103 2318 1237 2356 littora
1276 2313 1450 2368 puppes'
1492 2315 1509 2368 ΙΙ
1553 2317 1629 2356 172
1658 2315 1793 2355 littora
1824 2313 1856 2354 0
1881 2314 1898 2365 ΙΙ

215 2381 344 2420 pupes
378 2369 408 2407 0
448 2368 463 2421 ΙΙ
507 2373 583 2411 174
611 2370 760 2409 increta
794 2371 825 2409 0
854 2371 908 2419 [in
938 2373 1042 2410 creta
1074 2371 1112 2408 D
1140 2371 1327 2419 Dresd.]:
1359 2371 1400 2409 in
1429 2374 1576 2410 cretam
1609 2369 1641 2408 G
1670 2372 1728 2419 [et
1755 2366 1900 2414 ceter-i]

211 2422 226 2474 ΙΙ
258 2425 332 2462 175
366 2424 400 2462 h’
421 2423 486 2471 (=
508 2424 596 2474 hec)
620 2424 675 2462 O*
703 2422 718 2474 ΙΙ
750 2426 824 2464 176
856 2425 1072 2464 Consilium
1103 2425 1248 2464 nostris
1278 2424 1440 2472 (nostris
1469 2435 1535 2463 om
1566 2422 1636 2472 0¹⁸⁸)
1664 2422 1899 2474 requisisset

216 2478 394 2525 (primae
409 2488 427 2515 s
443 2490 531 2516 sscr
545 2490 563 2516 r
586 2478 637 2517 G¹
657 2482 731 2516 aut
747 2478 795 2527 g)
819 2478 888 2531 Vl}
903 2481 976 2518 177
999 2478 1112 2517 Nunc
1135 2478 1381 2528 Spengelius
1407 2477 1488 2517 Iam
1516 2478 1665 2527 Paiper
1682 2476 1695 2523 Η
1714 2475 1896 2515 refferam

218 2530 276 2568 Ο*
313 2529 327 2583 ΙΙ
363 2531 466 2569 nitar
495 2545 530 2569 ω
567 2530 581 2583 ΙΙ
625 2533 700 2572 178
731 2531 921 2571 Idaeosne
950 2533 1069 2582 Bapt.
1101 2531 1341 2570 Guarinus:
1368 2531 1536 2570 Idoneos
1566 2542 1615 2569 ne
1648 2529 1679 2568 0
1706 2527 1895 2568 Ydoneos

215 2588 317 2631 (sscr
337 2584 384 2623 al'
403 2583 616 2624 ldmoneos
626 2586 673 2635 g)
693 2597 742 2624 ne
767 2585 823 2624 G*
852 2585 1127 2633 [ldmoneosne
1160 2585 1224 2624 CL
1243 2585 1374 2624 Laur.
1391 2585 1462 2634 55,
1481 2585 1561 2631 421.
1607 2582 1895 2622 Idomeneusne

215 2637 511 2676 Lachmannus
539 2638 792 2678 Idomeneine
820 2638 1047 2678 Buecheler
1074 2640 1086 2689 ΙΙ
1115 2639 1298 2689 agurgite
1330 2638 1374 2677 V
1395 2643 1436 2677 at
1464 2651 1500 2676 ω
1527 2637 1541 2687 ΙΙ
1570 2639 1646 2676 179
1677 2633 1894 2675 Discedens

216 2705 251 2728 ω
280 2690 295 2743 ΙΙ
322 2692 434 2741 ponti
468 2692 523 2730 0*
552 2692 750 2741 [Dresd.]:
780 2695 905 2743 pontu
939 2693 970 2731 G
1000 2694 1055 2741 [et
1083 2695 1222 2741 cetera]
1252 2692 1419 2743 patriam
1447 2691 1661 2729 Auantius
1686 2687 1702 2739 ΙΙ
1730 2689 1799 2728 ubi
1827 2699 1894 2726 om

217 2757 252 2782 ω
279 2746 293 2794 Η
326 2747 400 2785 180
429 2745 470 2784 In
500 2747 613 2794 (corr
640 2747 699 2784 An
726 2746 772 2795 g)
802 2746 925 2796 patris
958 2747 990 2785 G
1019 2746 1197 2797 lmpatris
1231 2745 1261 2784 0
1289 2746 1365 2793 [An
1393 2746 1536 2791 ceteri]
1573 2743 1630 2782 Ac
1659 2737 1895 2844 Sillv'giusg

216 2809 336 2848 quem
366 2811 414 2838 ne
444 2808 539 2850 (que
569 2803 613 2837 in
641 2811 793 2838 rasura
831 2802 1003 2848 scripsit
1025 2811 1076 2849 g,
1115 2801 1321 2837 incertum
1351 2798 1453 2848 quid
1478 2800 1602 2836 antea
1636 2796 1785 2858 suerat)
1813 2793 1859 2833 V

217 2853 294 2891 182
325 2852 509 2892 consoles
541 2852 597 2891 0*
623 2851 639 2901 ΙΙ
666 2864 730 2891 me
757 2855 839 2891 met
870 2852 902 2892 G
931 2865 993 2892 me
1022 2863 1129 2891 mam
1162 2851 1215 2891 0*
1244 2852 1259 2905 ΙΙ
1290 2853 1364 2891 183
1393 2849 1467 2896 Qui
1497 2862 1546 2889 ne
1575 2849 1652 2889 0*.·
1681 2848 1756 2896 Qui
1785 2858 1835 2887 ue
1860 2845 1894 2885 G

213 2902 228 2956 ΙΙ
264 2904 396 2944 lentos
431 2905 509 2943 0*.·
548 2912 691 2945 uentos
723 2905 756 2945 G
793 2909 950 2954 [uentos
980 2910 1020 2945 et
1046 2909 1091 2944 in
1119 2917 1252 2955 marg.
1283 2904 1333 2943 al’
1367 2905 1498 2943 lentos
1526 2903 1575 2951 L]
1618 2903 1632 2954 ΙΙ
1677 2904 1753 2942 184
1780 2899 1891 2941 nullo

213 2957 325 3006 (litus
356 2958 503 3007 solum)
539 2959 668 2999 insula
699 2959 870 2998 Vossius
911 2960 1005 2999 litus
1042 2959 1193 3007 solum,
1238 2957 1348 2998 nullo
1383 2957 1512 2996 insula
1552 2956 1744 3020 Scaliger
1780 2953 1891 3018 nullo

215 3011 324 3060 litus,
354 3012 464 3051 nullo
493 3013 622 3051 insula
651 3013 947 3052 Froeltlicltius
976 3013 1105 3052 solum
1136 3012 1254 3059 litus,
1285 3011 1368 3051 sola
1399 3010 1527 3050 insula
1557 3013 1642 3050 tota
1672 3008 1850 3048 [melitus

218 3068 294 3108 189
323 3064 454 3104 afesso
479 3065 510 3104 G
540 3065 685 3106 affesso
714 3067 769 3105 O*
797 3066 811 3119 Η
844 3070 916 3108 190
946 3067 1049 3106 iusta
1073 3066 1128 3105 0*
1155 3065 1171 3119 ΙΙ
1199 3065 1345 3105 mulcta
1371 3063 1425 3103 O*
1452 3060 1468 3116 Ι
1498 3065 1569 3104 191
1603 3073 1834 3114 comprecor
