2040 3372
249 119 310 164 36
976 126 1039 174 55,
1072 127 1200 165 1-20

249 254 313 307 55
450 253 662 314 Oramus,
699 258 735 305 si
771 259 891 305 forte
928 274 1021 305 non
1058 259 1301 306 molestum
1337 269 1419 317 est,

447 323 749 372 Demonstres
785 325 863 371 ubi
896 325 991 380 sint
1025 334 1130 373 tuae
1165 327 1398 373 tenebrae.

449 390 515 437 Te
551 405 712 452 campo
749 391 1058 452 quaesiuimus
1092 392 1284 449 minore,

450 458 515 504 Te
550 459 597 504 in
636 458 775 514 circo,
813 465 857 505 te
893 459 941 504 in
979 459 1194 506 omnibus
1229 460 1408 517 libellis,

394 533 416 569 5
450 525 516 571 Te
552 525 599 570 in
636 526 807 587 templo
844 526 1010 572 summi
1045 526 1168 573 Iouis
1203 534 1394 574 sacrato.

450 591 502 638 In
541 592 693 652 Magni
732 592 867 639 simul
901 592 1212 640 ambulatione

451 658 673 705 Femellas
709 673 886 716 omnes,
922 660 1082 716 amice,
1117 660 1299 721 prendi,

453 725 575 779 Quas
611 725 744 771 uultu
780 726 875 772 uidi
910 732 1063 773 tamen
1101 742 1301 774 serenas.

450 790 530 850 †A
565 792 687 838 uelte
723 792 788 839 sic
823 792 921 854 ipse
958 793 1236 854 flagitabam:

377 866 420 904 10
450 853 731 904 ‘Camerium
767 859 893 915 mihi,
929 860 1153 920 pessimae
1188 857 1422 922 puellael'

453 925 685 979 Quaedam
721 926 897 986 inquit:
937 927 1110 973 nudum
1147 927 1289 973 reduc
1325 963 1335 974 .
1375 963 1385 974 .
1425 964 1434 974 .
1471 926 1503 987 †

453 991 525 1039 En
560 992 665 1039 heic
701 992 748 1039 in
786 993 930 1040 roseis
965 994 1075 1040 latet
1108 990 1319 1056 papillis.³

454 1059 543 1105 Sed
579 1066 624 1105 te
659 1059 749 1105 iam
784 1060 904 1106 ferre
939 1061 1154 1108 Herculei
1189 1061 1316 1108 labos
1352 1068 1444 1108 est:

367 1147 373 1154 ·
453 1125 601 1172 Tanto
638 1132 715 1172 ten
749 1127 868 1174 fastu
904 1141 1059 1188 negas,
1096 1126 1276 1175 amice?

376 1200 419 1250 15
454 1193 535 1239 Dic
571 1192 706 1240 nobis
742 1193 821 1240 ubi
855 1194 917 1241 sis
950 1195 1149 1251 futurus,
1186 1195 1268 1242 ede

455 1260 697 1317 Audacter,
735 1261 978 1318 committe,
1016 1262 1151 1308 crede
1186 1262 1322 1308 lucei.

454 1327 573 1372 Num
607 1333 652 1373 te
687 1327 908 1374 lacteolae
944 1335 1108 1375 tenent
1142 1327 1354 1390 puellae?

455 1394 501 1440 Si
536 1393 741 1454 linguam
776 1395 931 1442 clauso
966 1402 1093 1442 tenes
1127 1395 1174 1442 in
1214 1410 1308 1452 ore,

456 1460 651 1507 Fructus
685 1462 885 1522 proicies
920 1462 1086 1509 amoris
1123 1477 1307 1509 omnes:

380 1535 425 1573 20
460 1527 662 1574 Verbosa
697 1528 865 1589 gaudet
899 1529 1055 1576 Venus
1090 1529 1302 1590 loquella.

389 1685 448 1727 55
475 1685 651 1725 Nullum
677 1688 952 1725 interstitium
980 1687 1030 1727 V.
1087 1700 1179 1726 cum
1215 1689 1375 1726 nemini
1413 1687 1511 1726 dum
1539 1688 1767 1737 contigerit
1794 1689 1836 1724 et
1869 1699 1941 1725 ra-

259 1741 413 1778 tionem
441 1741 566 1778 huius
585 1742 786 1779 carminis
804 1743 1020 1779 metricam
1038 1743 1373 1792 strophicamque
1398 1741 1517 1792 plene
1535 1741 1748 1790 eoeplicare
1767 1743 1809 1778 et
1825 1743 1939 1779 certo

258 1794 462 1844 dispicere
490 1805 671 1843 quonam
690 1806 805 1833 nea-u
832 1807 979 1833 uersus
1007 1795 1144 1833 decem
1171 1796 1356 1834 inlibris
1379 1798 1477 1845 post
1491 1796 1558 1844 38,
1576 1796 1603 1833 5
1632 1793 1838 1844 collocati,
1866 1795 1940 1844 qui

255 1848 387 1897 uulgo
419 1852 697 1886 numerantur
723 1849 904 1898 23-52‚
943 1861 1036 1887 cum
1064 1850 1142 1887 hoc
1171 1851 1356 1886 carmine
1386 1848 1484 1886 olim
1513 1849 1726 1887 coniuncti
1761 1845 1940 1898 fuerint,

257 1904 390 1939 satius
419 1900 526 1939 dumi
547 1902 621 1940 lios
646 1914 794 1940 uersus
822 1902 910 1940 loco
933 1915 977 1940 eo
1000 1915 1079 1952 quo
1099 1904 1146 1940 in
1166 1902 1286 1941 libris
1311 1906 1412 1940 sunt
1437 1914 1610 1940 seruare
1628 1904 1670 1939 et
1687 1913 1825 1940 omnes
1851 1913 1941 1940 mu-

258 1956 438 1993 tationes
463 1955 592 2000 nullis
617 1957 702 1993 nisi
731 1957 887 1993 caussis
913 1957 1100 1994 metricis
1128 1956 1437 1994 commendatas
1471 1967 1525 1993 ecc
1563 1958 1683 1994 tea-tu
1719 1954 1942 1994 eoecludere

257 2007 272 2058 ΙΙ
302 2009 320 2048 1
352 2007 546 2047 molestus
565 2020 608 2047 es
626 2009 664 2047 V
689 2010 704 2058 ΙΙ
732 2010 754 2047 2
784 2007 1025 2056 [Demostres
1040 2008 1375 2058 DLaur.53‚42]
1403 2008 1417 2059 ΙΙ
1446 2008 1624 2048 latebrae
1645 2022 1681 2048 ω
1708 2007 1724 2062 ΙΙ
1751 2010 1774 2049 3
1803 2008 1843 2047 in
1869 2007 1942 2047 mi—

258 2072 356 2100 nore
385 2061 430 2100 V
464 2060 522 2100 Te
550 2061 591 2100 in
621 2073 762 2111 campo
791 2061 985 2111 Silligius
1008 2063 1286 2112 probabiliter
1332 2061 1389 2101 Te
1419 2062 1691 2113 quaesiuimus
1719 2062 1760 2100 in
1788 2062 1942 2101 minore

260 2125 402 2164 campo
432 2128 467 2153 ω
495 2114 509 2166 ΙΙ
537 2116 562 2154 4
590 2113 648 2154 Te
676 2115 716 2153 id
745 2116 848 2163 (ss-cr
875 2115 923 2154 al‘
952 2115 990 2154 in
1017 2118 1064 2166 g)
1092 2116 1197 2155 circo
1228 2116 1266 2156 V
1300 2115 1313 2167 ΙΙ
1347 2115 1521 2163 tabernis
1552 2129 1587 2154 ω
1622 2115 1635 2166 ΙΙ
1673 2116 1696 2154 6
1726 2116 1765 2154 Ιι.
1793 2127 1836 2154 u.
1864 2115 1943 2154 alii

262 2179 354 2206 cum
382 2180 424 2207 u.
442 2170 469 2206 5
497 2170 833 2218 interpunctione
854 2171 1115 2219 coniungunt
1143 2170 1155 2219 Η
1184 2172 1205 2209 7
1237 2168 1373 2220 prendi
1398 2168 1477 2207 0*:
1506 2168 1697 2220 prehendi
1729 2168 1762 2208 G
1788 2167 1803 2221 ΙΙ
1830 2170 1854 2209 8
1881 2168 1943 2208 ni-

261 2220 336 2260 deo
366 2235 400 2260 ω
429 2221 442 2272 ΙΙ
472 2223 648 2269 [serenas
676 2221 826 2270 ADL]:
855 2234 992 2261 serena
1025 2223 1069 2262 V
1103 2234 1243 2262 sereno
1274 2237 1309 2261 ω
1338 2221 1353 2275 ΙΙ
1380 2224 1403 2261 9
1432 2222 1525 2272 Am)
1552 2222 1620 2261 uel
1647 2226 1689 2261 te
1709 2236 1745 2261 ω
1772 2222 1880 2270 Auli,
1899 2223 1942 2262 te

263 2289 298 2313 ω
341 2274 500 2322 Aulum,
529 2278 569 2314 te
590 2275 767 2326 Heysz‘us
807 2274 842 2313 A
871 2276 985 2326 queis
1014 2280 1054 2315 te
1073 2277 1242 2315 Pohlius
1283 2276 1419 2316 Auens
1448 2282 1487 2315 te
1516 2288 1590 2326 ego
1620 2275 1733 2315 olim.
1779 2288 1834 2315 an
1862 2273 1942 2314 Has

201 2348 203 2350 v
262 2327 443 2367 uellens?
471 2327 485 2379 ΙΙ
516 2331 560 2368 11
595 2327 772 2374 Quedam
796 2329 891 2378 O[B‚
921 2328 1213 2381 Quendam‚L]:
1245 2329 1448 2375 Quendam
1471 2329 1505 2368 G
1532 2331 1587 2377 [et
1608 2329 1801 2380 plerique
1829 2330 1939 2378 bam]

228 2427 230 2429 ,
260 2380 276 2433 ΙΙ
303 2380 441 2432 inquid
473 2381 529 2419 0*
565 2381 581 2432 u
616 2394 671 2420 an
699 2381 821 2421 reduc
858 2382 1064 2433 puellum?
1101 2383 1220 2423 reduc
1258 2384 1425 2422 amicum
1461 2383 1739 2422 Baehrensius
1778 2381 1943 2422 reducta

263 2438 403 2485 pectus
430 2435 606 2474 Ellisius
646 2434 793 2474 nudum
830 2436 960 2475 sinum
999 2436 1193 2476 reducens
1230 2436 1454 2485 (recludens
1480 2435 1656 2485 Riesius)
1694 2434 1944 2487 Auantiusfl

265 2490 314 2528 12
343 2487 414 2527 Em
444 2488 485 2528 V
489 2488 600 2537 [BA]
616 2518 627 2537 ,
665 2489 777 2538 quod
803 2488 1049 2528 Ribbeckius
1078 2490 1394 2539 commendauit,
1428 2489 1526 2528 Hem
1549 2489 1651 2539 g[D]
1689 2488 1752 2539 [Et
1780 2488 1941 2537 AGHL]

262 2541 276 2592 ΙΙ
303 2541 377 2581 hec
406 2542 457 2591 (h'
470 2544 500 2581 i.
516 2555 549 2583 e.
566 2542 639 2581 hec
658 2542 702 2590 0)
720 2541 770 2591 V,
798 2543 908 2581 unde
935 2543 1024 2583 heic
1052 2543 1148 2592 feci,
1179 2543 1241 2582 hic
1263 2557 1298 2582 ω
1324 2542 1340 2597 [Ι
1371 2545 1420 2583 14
1447 2546 1514 2582 ten
1534 2542 1745 2581 Muretm:
1772 2544 1813 2582 te
1841 2542 1882 2581 in
1908 2542 1954 2582 V

262 2595 277 2646 u
306 2595 360 2643 [in
390 2595 496 2635 fastu
525 2599 565 2634 et
591 2597 638 2634 in
665 2606 800 2645 marg.
831 2596 879 2634 al'
908 2595 1041 2636 saustu
1066 2597 1116 2646 L]
1144 2597 1158 2648 ΙΙ
1186 2597 1313 2636 amico
1343 2611 1377 2635 ω
1404 2598 1419 2647 ΙΙ
1442 2599 1540 2646 post
1565 2608 1607 2638 u.
1626 2596 1674 2635 44
1701 2608 1848 2635 uersus
1876 2595 1945 2634 de-

266 2660 350 2686 cem
378 2647 468 2688 Non
496 2651 633 2689 custos
659 2661 791 2699 usque
818 2650 875 2688 ad
901 2649 1039 2689 Essem
1069 2653 1107 2690 te
1135 2653 1181 2688 in
1205 2651 1249 2690 V
1264 2654 1360 2701 post
1384 2652 1449 2697 58,
1473 2652 1500 2688 5
1525 2652 1683 2700 positos
1708 2647 1780 2699 (cfi
1808 2647 1945 2698 infra)

265 2701 560 2741 Froehlichius
587 2706 628 2740 et
654 2714 730 2752 ego
760 2703 858 2741 otim
885 2704 1159 2754 inseruimus,
1188 2704 1347 2743 eosdem
1375 2703 1501 2742 editio
1530 2704 1714 2741 omnium
1741 2703 1946 2754 antiquis-

264 2756 370 2792 sima
398 2759 439 2793 et
456 2755 750 2795 Lachmannus
774 2759 869 2806 post
887 2768 927 2795 u.
944 2757 1009 2806 45,
1039 2758 1127 2796 cod.
1144 2761 1274 2808 paris.
1293 2757 1401 2796 8236
1421 2759 1462 2794 et
1477 2755 1690 2795 Guarinus
1715 2761 1809 2806 post
1834 2768 1876 2795 u.
1891 2755 1943 2795 42

267 2808 604 2847 collocauerunt:
643 2810 743 2848 olim
768 2809 899 2859 uulgo
926 2813 1070 2848 uersui
1087 2812 1143 2849 22
1173 2811 1511 2850 adnectebantur.
1565 2810 1645 2848 alii
1671 2809 1767 2848 illos
1795 2811 1946 2848 carmi-

265 2862 332 2898 nis
361 2862 417 2899 ad
444 2862 678 2901 Camerium
705 2862 882 2900 alterius
916 2876 999 2902 esse
1025 2863 1312 2914 fragmentum
1334 2866 1491 2913 putant
1515 2861 1530 2912 ΙΙ
1567 2864 1615 2903 16
1643 2862 1857 2902 Audaciter
1887 2861 1945 2901 0*

267 2915 281 2964 ΙΙ
309 2914 383 2953 boc
412 2916 616 2956 committe
640 2915 690 2963 V,
717 2915 816 2954 inde
844 2915 917 2955 ede
947 2917 1022 2956 hoc
1043 2916 1241 2956 Audacter
1255 2916 1427 2956 Vossius
1452 2917 1466 2968 ΙΙ
1493 2916 1624 2964 crede]
1651 2927 1741 2954 secr
1755 2916 1804 2955 al’
1825 2915 1944 2956 crude

263 2979 295 3017 g
325 2967 459 3015 [crude
479 2968 607 3009 Laur.
622 2970 692 3017 55,
709 2969 775 3017 42]
803 2970 816 3019 n
843 2969 947 3009 lucei
969 2970 1183 3020 Scaliger:
1202 2970 1311 3009 lucet
1333 2970 1377 3009 V
1394 2968 1409 3021 ΙΙ
1440 2972 1486 3011 17
1508 2969 1622 3009 Nunc
1639 2970 1685 3009 V
1705 2968 1794 3008 Non
1813 2969 1947 3008 Baeh-

266 3022 431 3060 rensius
457 3020 469 3067 ΙΙ
497 3022 671 3072 papillae
691 3035 727 3060 ω
755 3023 771 3073 n
801 3023 847 3062 18
876 3026 1016 3063 tenens
1038 3024 1080 3063 V
1103 3023 1116 3076 ΙΙ
1147 3025 1195 3064 19
1225 3023 1409 3077 [proicies
1431 3022 1636 3064 CALaur.
1651 3024 1722 3074 55,
1737 3023 1824 3071 421:
1854 3034 1954 3073 pro-

267 3073 394 3114 bicies
426 3074 482 3113 O*
524 3075 710 3126 proficies
742 3074 775 3115 G
801 3073 816 3126 ΙΙ
844 3077 893 3115 20
923 3076 1099 3129 loquella
1132 3077 1165 3116 G
