<?xml version="1.0" encoding="UTF-8"?>
<!DOCTYPE html PUBLIC "-//W3C//DTD XHTML 1.0 Transitional//EN"
    "http://www.w3.org/TR/xhtml1/DTD/xhtml1-transitional.dtd">
<html xmlns="http://www.w3.org/1999/xhtml" xml:lang="en" lang="en">
 <head>
  <title>
</title>
<meta http-equiv="Content-Type" content="text/html;charset=utf-8" />
  <meta name='ocr-system' content='tesseract 3.04.00' />
  <meta name='ocr-capabilities' content='ocr_page ocr_carea ocr_par ocr_line ocrx_word'/>
</head>
<body>
  <div class='ocr_page' id='page_1' title='image "./catvlliveronensi00catuuoft_0122.png"; bbox 0 0 2040 3372; ppageno 0'>
   <div class='ocr_carea' id='block_1_1' title="bbox 270 112 1245 166">
    <p class='ocr_par' dir='ltr' id='par_1_1' title="bbox 270 112 1245 166">
     <span class='ocr_line' id='line_1_1' title="bbox 270 112 1245 166; baseline -0.001 -10"><span class='ocrx_word' id='word_1_1' title='bbox 270 112 334 157; x_wconf 80' lang='lat'><strong>94</strong></span> <span class='ocrx_word' id='word_1_2' title='bbox 956 117 1020 166; x_wconf 88' lang='grc'><strong>95,</strong></span> <span class='ocrx_word' id='word_1_3' title='bbox 1049 116 1194 165; x_wconf 82' lang='grc'><strong>7-97,</strong></span> <span class='ocrx_word' id='word_1_4' title='bbox 1223 117 1245 155; x_wconf 91' lang='grc'>5</span> 
     </span>
    </p>
   </div>
   <div class='ocr_carea' id='block_1_2' title="bbox 394 247 1752 511">
    <p class='ocr_par' dir='ltr' id='par_1_2' title="bbox 394 247 1752 511">
     <span class='ocr_line' id='line_1_2' title="bbox 469 247 1752 314; baseline 0.004 -20"><span class='ocrx_word' id='word_1_5' title='bbox 469 247 529 296; x_wconf 88' lang='lat' dir='ltr'><strong>At</strong></span> <span class='ocrx_word' id='word_1_6' title='bbox 562 247 720 296; x_wconf 90' lang='lat' dir='ltr'><strong>Volusi</strong></span> <span class='ocrx_word' id='word_1_7' title='bbox 755 248 947 296; x_wconf 88' lang='lat' dir='ltr'><strong>annales</strong></span> <span class='ocrx_word' id='word_1_8' title='bbox 983 248 1183 296; x_wconf 83' lang='lat' dir='ltr'>Paduam</span> <span class='ocrx_word' id='word_1_9' title='bbox 1217 250 1479 298; x_wconf 88' lang='lat' dir='ltr'><strong>morientur</strong></span> <span class='ocrx_word' id='word_1_10' title='bbox 1513 250 1570 298; x_wconf 87' lang='lat' dir='ltr'><strong>ad</strong></span> <span class='ocrx_word' id='word_1_11' title='bbox 1603 251 1752 314; x_wconf 82' lang='lat' dir='ltr'><strong>ipsam</strong></span> 
     </span>
     <span class='ocr_line' id='line_1_3' title="bbox 539 314 1631 378; baseline 0.004 -17"><span class='ocrx_word' id='word_1_12' title='bbox 539 314 596 362; x_wconf 87' lang='lat' dir='ltr'><strong>Et</strong></span> <span class='ocrx_word' id='word_1_13' title='bbox 631 315 755 364; x_wconf 90' lang='lat' dir='ltr'><strong>laxas</strong></span> <span class='ocrx_word' id='word_1_14' title='bbox 789 315 1016 363; x_wconf 82' lang='lat' dir='ltr'><strong>scombris</strong></span> <span class='ocrx_word' id='word_1_15' title='bbox 1051 330 1188 378; x_wconf 89' lang='lat' dir='ltr'><strong>saepe</strong></span> <span class='ocrx_word' id='word_1_16' title='bbox 1224 316 1402 364; x_wconf 85' lang='lat' dir='ltr'><strong>dabunt</strong></span> <span class='ocrx_word' id='word_1_17' title='bbox 1435 318 1631 365; x_wconf 89' lang='lat' dir='ltr'><strong>tunicas.</strong></span> 
     </span>
     <span class='ocr_line' id='line_1_4' title="bbox 469 381 1741 432; baseline 0.003 -4"><span class='ocrx_word' id='word_1_18' title='bbox 469 382 618 429; x_wconf 92' lang='lat' dir='ltr'><strong>Parua</strong></span> <span class='ocrx_word' id='word_1_19' title='bbox 652 383 743 429; x_wconf 90' lang='lat' dir='ltr'><strong>mei</strong></span> <span class='ocrx_word' id='word_1_20' title='bbox 778 381 890 428; x_wconf 91' lang='lat' dir='ltr'><strong>mihi</strong></span> <span class='ocrx_word' id='word_1_21' title='bbox 925 382 1020 428; x_wconf 88' lang='lat' dir='ltr'><strong>sint</strong></span> <span class='ocrx_word' id='word_1_22' title='bbox 1054 383 1182 429; x_wconf 88' lang='lat' dir='ltr'><strong>cordi</strong></span> <span class='ocrx_word' id='word_1_23' title='bbox 1215 391 1520 431; x_wconf 86' lang='lat' dir='ltr'><strong>monumenta</strong></span> <span class='ocrx_word' id='word_1_24' title='bbox 1552 385 1741 432; x_wconf 78' lang='lat' dir='ltr'><strong>sodalis:</strong></span> 
     </span>
     <span class='ocr_line' id='line_1_5' title="bbox 394 448 1596 511; baseline 0.002 -16"><span class='ocrx_word' id='word_1_25' title='bbox 394 457 437 495; x_wconf 90' lang='lat'><strong>10</strong></span> <span class='ocrx_word' id='word_1_26' title='bbox 537 449 596 495; x_wconf 89' lang='lat' dir='ltr'><strong>At</strong></span> <span class='ocrx_word' id='word_1_27' title='bbox 628 449 831 511; x_wconf 88' lang='lat' dir='ltr'><strong>populus</strong></span> <span class='ocrx_word' id='word_1_28' title='bbox 865 448 1041 496; x_wconf 89' lang='lat' dir='ltr'><strong>tumido</strong></span> <span class='ocrx_word' id='word_1_29' title='bbox 1078 449 1273 511; x_wconf 83' lang='lat' dir='ltr'>gaudeat</span> <span class='ocrx_word' id='word_1_30' title='bbox 1307 450 1596 499; x_wconf 83' lang='lat' dir='ltr'><strong>Antimacho.</strong></span> 
     </span>
    </p>
   </div>
   <div class='ocr_carea' id='block_1_3' title="bbox 270 630 1829 1030">
    <p class='ocr_par' dir='ltr' id='par_1_3' title="bbox 270 630 1829 1030">
     <span class='ocr_line' id='line_1_6' title="bbox 270 630 1829 700; baseline 0.003 -19"><span class='ocrx_word' id='word_1_31' title='bbox 270 631 338 686; x_wconf 81' lang='grc'><strong>96</strong></span> <span class='ocrx_word' id='word_1_32' title='bbox 472 630 524 683; x_wconf 86' lang='lat' dir='ltr'><strong>Si</strong></span> <span class='ocrx_word' id='word_1_33' title='bbox 560 634 809 695; x_wconf 90' lang='lat' dir='ltr'><strong>quicquam</strong></span> <span class='ocrx_word' id='word_1_34' title='bbox 845 634 1009 681; x_wconf 87' lang='lat' dir='ltr'><strong>muteis</strong></span> <span class='ocrx_word' id='word_1_35' title='bbox 1044 642 1227 696; x_wconf 87' lang='lat' dir='ltr'><strong>gratum</strong></span> <span class='ocrx_word' id='word_1_36' title='bbox 1262 643 1568 698; x_wconf 89' lang='lat' dir='ltr'><strong>acceptumue</strong></span> <span class='ocrx_word' id='word_1_37' title='bbox 1603 638 1829 700; x_wconf 85' lang='lat' dir='ltr'><strong>sepulcris</strong></span> 
     </span>
     <span class='ocr_line' id='line_1_7' title="bbox 537 700 1618 764; baseline 0.005 -18"><span class='ocrx_word' id='word_1_38' title='bbox 537 700 760 747; x_wconf 81' lang='lat' dir='ltr'><strong>Accidere</strong></span> <span class='ocrx_word' id='word_1_39' title='bbox 796 714 821 746; x_wconf 87' lang='lat' dir='ltr'><strong>a</strong></span> <span class='ocrx_word' id='word_1_40' title='bbox 856 707 1032 758; x_wconf 88' lang='lat' dir='ltr'><strong>nostro,</strong></span> <span class='ocrx_word' id='word_1_41' title='bbox 1070 701 1220 760; x_wconf 82' lang='lat' dir='ltr'><strong>Calue,</strong></span> <span class='ocrx_word' id='word_1_42' title='bbox 1257 703 1417 750; x_wconf 87' lang='lat' dir='ltr'><strong>dolore</strong></span> <span class='ocrx_word' id='word_1_43' title='bbox 1452 710 1618 764; x_wconf 85' lang='lat' dir='ltr'><strong>potest,</strong></span> 
     </span>
     <span class='ocr_line' id='line_1_8' title="bbox 472 766 1590 822; baseline 0.004 -8"><span class='ocrx_word' id='word_1_44' title='bbox 472 766 575 822; x_wconf 88' lang='lat' dir='ltr'><strong>Quo</strong></span> <span class='ocrx_word' id='word_1_45' title='bbox 610 767 839 814; x_wconf 88' lang='lat' dir='ltr'><strong>desiderio</strong></span> <span class='ocrx_word' id='word_1_46' title='bbox 874 774 1059 815; x_wconf 90' lang='lat' dir='ltr'><strong>ueteres</strong></span> <span class='ocrx_word' id='word_1_47' title='bbox 1092 783 1374 817; x_wconf 89' lang='lat' dir='ltr'><strong>renouamus</strong></span> <span class='ocrx_word' id='word_1_48' title='bbox 1409 784 1590 818; x_wconf 91' lang='lat' dir='ltr'><strong>amores</strong></span> 
     </span>
     <span class='ocr_line' id='line_1_9' title="bbox 537 833 1498 895; baseline 0.004 -16"><span class='ocrx_word' id='word_1_49' title='bbox 537 833 688 895; x_wconf 87' lang='lat' dir='ltr'><strong>Atque</strong></span> <span class='ocrx_word' id='word_1_50' title='bbox 722 833 831 881; x_wconf 90' lang='lat' dir='ltr'><strong>olim</strong></span> <span class='ocrx_word' id='word_1_51' title='bbox 866 834 1029 882; x_wconf 89' lang='lat' dir='ltr'><strong>missas</strong></span> <span class='ocrx_word' id='word_1_52' title='bbox 1064 835 1228 882; x_wconf 90' lang='lat' dir='ltr'><strong>ssemus</strong></span> <span class='ocrx_word' id='word_1_53' title='bbox 1261 836 1498 894; x_wconf 80' lang='lat' dir='ltr'><strong>amicitias,</strong></span> 
     </span>
     <span class='ocr_line' id='line_1_10' title="bbox 414 899 1603 951; baseline 0.004 -5"><span class='ocrx_word' id='word_1_54' title='bbox 414 909 435 946; x_wconf 89' lang='lat'>5</span> <span class='ocrx_word' id='word_1_55' title='bbox 470 899 606 948; x_wconf 88' lang='lat' dir='ltr'><strong>Certe</strong></span> <span class='ocrx_word' id='word_1_56' title='bbox 641 915 737 947; x_wconf 92' lang='lat' dir='ltr'><strong>non</strong></span> <span class='ocrx_word' id='word_1_57' title='bbox 773 907 903 948; x_wconf 89' lang='lat' dir='ltr'><strong>tanto</strong></span> <span class='ocrx_word' id='word_1_58' title='bbox 938 915 1066 949; x_wconf 89' lang='lat' dir='ltr'><strong>mors</strong></span> <span class='ocrx_word' id='word_1_59' title='bbox 1100 902 1344 950; x_wconf 88' lang='lat' dir='ltr'><strong>immatura</strong></span> <span class='ocrx_word' id='word_1_60' title='bbox 1380 902 1603 951; x_wconf 82' lang='lat' dir='ltr'><strong>doloreist</strong></span> 
     </span>
     <span class='ocr_line' id='line_1_11' title="bbox 539 967 1579 1030; baseline 0.003 -17"><span class='ocrx_word' id='word_1_61' title='bbox 539 967 789 1022; x_wconf 85' lang='lat' dir='ltr'><strong>Quintiliae</strong></span> <span class='ocrx_word' id='word_1_62' title='bbox 826 974 1054 1029; x_wconf 85' lang='lat' dir='ltr'><strong>quantum</strong></span> <span class='ocrx_word' id='word_1_63' title='bbox 1088 970 1257 1030; x_wconf 85' lang='lat' dir='ltr'><strong>gaudet</strong></span> <span class='ocrx_word' id='word_1_64' title='bbox 1291 984 1448 1017; x_wconf 89' lang='lat' dir='ltr'><strong>amore</strong></span> <span class='ocrx_word' id='word_1_65' title='bbox 1481 976 1579 1017; x_wconf 74' lang='lat' dir='ltr'><strong>tuo,</strong></span> 
     </span>
    </p>
   </div>
   <div class='ocr_carea' id='block_1_4' title="bbox 269 1164 1818 1498">
    <p class='ocr_par' dir='ltr' id='par_1_4' title="bbox 269 1164 1818 1498">
     <span class='ocr_line' id='line_1_12' title="bbox 269 1164 1818 1232; baseline -0.001 -14"><span class='ocrx_word' id='word_1_66' title='bbox 269 1164 335 1218; x_wconf 78' lang='lat'><strong>97</strong></span> <span class='ocrx_word' id='word_1_67' title='bbox 471 1164 587 1218; x_wconf 88' lang='lat' dir='ltr'><strong>Non</strong></span> <span class='ocrx_word' id='word_1_68' title='bbox 623 1164 706 1230; x_wconf 85' lang='lat' dir='ltr'><strong>(ita</strong></span> <span class='ocrx_word' id='word_1_69' title='bbox 740 1181 815 1215; x_wconf 87' lang='lat' dir='ltr'><strong>mc</strong></span> <span class='ocrx_word' id='word_1_70' title='bbox 851 1167 915 1215; x_wconf 92' lang='lat' dir='ltr'><strong>dii</strong></span> <span class='ocrx_word' id='word_1_71' title='bbox 951 1169 1124 1229; x_wconf 86' lang='lat' dir='ltr'><strong>ament)</strong></span> <span class='ocrx_word' id='word_1_72' title='bbox 1162 1169 1411 1229; x_wconf 85' lang='lat' dir='ltr'><strong>quicquam</strong></span> <span class='ocrx_word' id='word_1_73' title='bbox 1446 1169 1622 1215; x_wconf 86' lang='lat' dir='ltr'><strong>referre</strong></span> <span class='ocrx_word' id='word_1_74' title='bbox 1656 1169 1818 1232; x_wconf 88' lang='lat' dir='ltr'><strong>putaui</strong></span> 
     </span>
     <span class='ocr_line' id='line_1_13' title="bbox 536 1234 1657 1283; baseline 0.002 -2"><span class='ocrx_word' id='word_1_75' title='bbox 536 1234 759 1282; x_wconf 83' lang='lat' dir='ltr'><strong>Vtrumne</strong></span> <span class='ocrx_word' id='word_1_76' title='bbox 793 1250 844 1282; x_wconf 92' lang='lat' dir='ltr'><strong>os</strong></span> <span class='ocrx_word' id='word_1_77' title='bbox 879 1249 938 1281; x_wconf 89' lang='lat' dir='ltr'><strong>an</strong></span> <span class='ocrx_word' id='word_1_78' title='bbox 975 1235 1130 1282; x_wconf 93' lang='lat' dir='ltr'><strong>culum</strong></span> <span class='ocrx_word' id='word_1_79' title='bbox 1166 1236 1413 1282; x_wconf 88' lang='lat' dir='ltr'><strong>olfacerem</strong></span> <span class='ocrx_word' id='word_1_80' title='bbox 1448 1235 1657 1283; x_wconf 91' lang='lat' dir='ltr'><strong>Aemilio.</strong></span> 
     </span>
     <span class='ocr_line' id='line_1_14' title="bbox 469 1301 1667 1363; baseline 0.002 -15"><span class='ocrx_word' id='word_1_81' title='bbox 469 1301 572 1348; x_wconf 91' lang='lat' dir='ltr'><strong>Nilo</strong></span> <span class='ocrx_word' id='word_1_82' title='bbox 608 1301 828 1348; x_wconf 91' lang='lat' dir='ltr'><strong>mundius</strong></span> <span class='ocrx_word' id='word_1_83' title='bbox 862 1302 965 1359; x_wconf 86' lang='lat' dir='ltr'><strong>hoc,</strong></span> <span class='ocrx_word' id='word_1_84' title='bbox 1003 1302 1242 1363; x_wconf 85' lang='lat' dir='ltr'><strong>nihiloque</strong></span> <span class='ocrx_word' id='word_1_85' title='bbox 1277 1302 1548 1349; x_wconf 87' lang='lat' dir='ltr'><strong>inmundior</strong></span> <span class='ocrx_word' id='word_1_86' title='bbox 1580 1302 1667 1357; x_wconf 85' lang='lat' dir='ltr'><strong>ille,</strong></span> 
     </span>
     <span class='ocr_line' id='line_1_15' title="bbox 537 1367 1599 1416; baseline 0.002 -2"><span class='ocrx_word' id='word_1_87' title='bbox 537 1367 706 1415; x_wconf 90' lang='lat' dir='ltr'><strong>Verum</strong></span> <span class='ocrx_word' id='word_1_88' title='bbox 743 1368 876 1415; x_wconf 90' lang='lat' dir='ltr'><strong>etiam</strong></span> <span class='ocrx_word' id='word_1_89' title='bbox 912 1368 1044 1416; x_wconf 90' lang='lat' dir='ltr'><strong>culus</strong></span> <span class='ocrx_word' id='word_1_90' title='bbox 1078 1370 1296 1416; x_wconf 90' lang='lat' dir='ltr'><strong>mundior</strong></span> <span class='ocrx_word' id='word_1_91' title='bbox 1332 1376 1378 1416; x_wconf 89' lang='lat' dir='ltr'><strong>et</strong></span> <span class='ocrx_word' id='word_1_92' title='bbox 1410 1369 1599 1416; x_wconf 89' lang='lat' dir='ltr'><strong>melior:</strong></span> 
     </span>
     <span class='ocr_line' id='line_1_16' title="bbox 412 1434 1759 1498; baseline 0.001 -17"><span class='ocrx_word' id='word_1_93' title='bbox 412 1443 434 1480; x_wconf 92' lang='lat'>5</span> <span class='ocrx_word' id='word_1_94' title='bbox 468 1434 584 1482; x_wconf 90' lang='lat' dir='ltr'><strong>Nam</strong></span> <span class='ocrx_word' id='word_1_95' title='bbox 617 1436 718 1482; x_wconf 90' lang='lat' dir='ltr'><strong>sine</strong></span> <span class='ocrx_word' id='word_1_96' title='bbox 754 1435 971 1482; x_wconf 84' lang='lat' dir='ltr'><strong>dentibus</strong></span> <span class='ocrx_word' id='word_1_97' title='bbox 1008 1442 1089 1483; x_wconf 89' lang='lat' dir='ltr'><strong>est.</strong></span> <span class='ocrx_word' id='word_1_98' title='bbox 1147 1451 1196 1483; x_wconf 86' lang='lat' dir='ltr'><strong>os</strong></span> <span class='ocrx_word' id='word_1_99' title='bbox 1231 1436 1382 1484; x_wconf 90' lang='lat' dir='ltr'><strong>dentis</strong></span> <span class='ocrx_word' id='word_1_100' title='bbox 1417 1435 1759 1498; x_wconf 79' lang='lat' dir='ltr'><strong>sesquipedalis,</strong></span> 
     </span>
    </p>
   </div>
   <div class='ocr_carea' id='block_1_5' title="bbox 269 1529 590 1535">
    <p class='ocr_par' dir='ltr' id='par_1_5' title="bbox 269 1529 590 1535">
     <span class='ocr_line' id='line_1_17' title="bbox 269 1529 590 1535; baseline 0 0"><span class='ocrx_word' id='word_1_101' title='bbox 269 1529 590 1535; x_wconf 95' lang='lat' dir='ltr'><strong> </strong></span> 
     </span>
    </p>
   </div>
   <div class='ocr_carea' id='block_1_6' title="bbox 267 1565 1963 3114">
    <p class='ocr_par' dir='ltr' id='par_1_6' title="bbox 267 1565 1954 1820">
     <span class='ocr_line' id='line_1_18' title="bbox 405 1565 1952 1620; baseline 0 -14"><span class='ocrx_word' id='word_1_102' title='bbox 405 1568 428 1606; x_wconf 85' lang='lat'><strong>7</strong></span> <span class='ocrx_word' id='word_1_103' title='bbox 458 1565 615 1605; x_wconf 87' lang='lat' dir='ltr'><strong>Aduam</strong></span> <span class='ocrx_word' id='word_1_104' title='bbox 636 1566 810 1606; x_wconf 77' lang='lat' dir='ltr'><strong>Vossius</strong></span> <span class='ocrx_word' id='word_1_105' title='bbox 839 1566 1014 1616; x_wconf 87' lang='lat' dir='ltr'><strong>Capuam</strong></span> <span class='ocrx_word' id='word_1_106' title='bbox 1039 1568 1301 1606; x_wconf 81' lang='lat' dir='ltr'><strong>Passeratius</strong></span> <span class='ocrx_word' id='word_1_107' title='bbox 1328 1566 1343 1620; x_wconf 81' lang='grc' dir='ltr'><strong>ΙΙ</strong></span> <span class='ocrx_word' id='word_1_108' title='bbox 1371 1569 1394 1607; x_wconf 90' lang='grc'>9</span> <span class='ocrx_word' id='word_1_109' title='bbox 1416 1571 1457 1605; x_wconf 78' lang='lat' dir='ltr'><strong>et</strong></span> <span class='ocrx_word' id='word_1_110' title='bbox 1475 1570 1525 1608; x_wconf 88' lang='lat'><strong>10</strong></span> <span class='ocrx_word' id='word_1_111' title='bbox 1554 1580 1580 1606; x_wconf 91' lang='lat' dir='ltr'><strong>a</strong></span> <span class='ocrx_word' id='word_1_112' title='bbox 1603 1566 1952 1617; x_wconf 77' lang='lat' dir='ltr'><strong>praecedentibus</strong></span> 
     </span>
     <span class='ocr_line' id='line_1_19' title="bbox 268 1619 1950 1673; baseline 0.001 -15"><span class='ocrx_word' id='word_1_113' title='bbox 268 1622 459 1658; x_wconf 76' lang='lat' dir='ltr'><strong>seiunxit</strong></span> <span class='ocrx_word' id='word_1_114' title='bbox 496 1619 662 1659; x_wconf 79' lang='lat' dir='ltr'><strong>Statius</strong></span> <span class='ocrx_word' id='word_1_115' title='bbox 705 1620 721 1673; x_wconf 82' lang='lat' dir='ltr'>fl</span> <span class='ocrx_word' id='word_1_116' title='bbox 766 1622 790 1660; x_wconf 85' lang='lat'>9</span> <span class='ocrx_word' id='word_1_117' title='bbox 828 1619 977 1659; x_wconf 86' lang='lat' dir='ltr'><strong>sodalis</strong></span> <span class='ocrx_word' id='word_1_118' title='bbox 1020 1620 1106 1659; x_wconf 84' lang='lat' dir='ltr'><strong>add</strong></span> <span class='ocrx_word' id='word_1_119' title='bbox 1146 1621 1292 1660; x_wconf 82' lang='lat' dir='ltr'><strong>aldina</strong></span> <span class='ocrx_word' id='word_1_120' title='bbox 1328 1634 1366 1661; x_wconf 87' lang='lat' dir='ltr'><strong>a.</strong></span> <span class='ocrx_word' id='word_1_121' title='bbox 1403 1621 1530 1661; x_wconf 75' lang='lat'><em>4502.-</em></span> <span class='ocrx_word' id='word_1_122' title='bbox 1569 1632 1635 1660; x_wconf 90' lang='lat' dir='ltr'><strong>om</strong></span> <span class='ocrx_word' id='word_1_123' title='bbox 1665 1621 1714 1662; x_wconf 92' lang='lat' dir='ltr'><strong>V.</strong></span> <span class='ocrx_word' id='word_1_124' title='bbox 1770 1619 1950 1660; x_wconf 83' lang='lat' dir='ltr'><strong>Philetae</strong></span> 
     </span>
     <span class='ocr_line' id='line_1_20' title="bbox 267 1672 1950 1726; baseline 0 -13"><span class='ocrx_word' id='word_1_125' title='bbox 267 1673 478 1723; x_wconf 80' lang='lat' dir='ltr'><strong>Bergkius</strong></span> <span class='ocrx_word' id='word_1_126' title='bbox 505 1672 720 1713; x_wconf 86' lang='lat' dir='ltr'><strong>Phanoclis</strong></span> <span class='ocrx_word' id='word_1_127' title='bbox 734 1672 1011 1712; x_wconf 78' lang='lat' dir='ltr'><strong>Rossbachius</strong></span> <span class='ocrx_word' id='word_1_128' title='bbox 1037 1677 1187 1726; x_wconf 88' lang='lat' dir='ltr'><strong>poetae</strong></span> <span class='ocrx_word' id='word_1_129' title='bbox 1206 1674 1421 1714; x_wconf 74' lang='lat' dir='ltr'><strong>Guarinus</strong></span> <span class='ocrx_word' id='word_1_130' title='bbox 1447 1674 1598 1714; x_wconf 87' lang='lat' dir='ltr'><strong>laboris</strong></span> <span class='ocrx_word' id='word_1_131' title='bbox 1627 1688 1662 1713; x_wconf 87' lang='grc' dir='ltr'><em>ω</em></span> <span class='ocrx_word' id='word_1_132' title='bbox 1692 1674 1775 1714; x_wconf 87' lang='lat' dir='ltr'><strong>sint</strong></span> <span class='ocrx_word' id='word_1_133' title='bbox 1802 1673 1950 1713; x_wconf 84' lang='lat' dir='ltr'><strong>Cinnae</strong></span> 
     </span>
     <span class='ocr_line' id='line_1_21' title="bbox 271 1725 1954 1780; baseline 0.001 -14"><span class='ocrx_word' id='word_1_134' title='bbox 271 1727 381 1766; x_wconf 91' lang='lat' dir='ltr'><strong>cordi</strong></span> <span class='ocrx_word' id='word_1_135' title='bbox 410 1730 668 1767; x_wconf 88' lang='lat' dir='ltr'><strong>monumenta</strong></span> <span class='ocrx_word' id='word_1_136' title='bbox 695 1727 977 1766; x_wconf 80' lang='lat' dir='ltr'><strong>Baehrensius</strong></span> <span class='ocrx_word' id='word_1_137' title='bbox 1017 1725 1032 1778; x_wconf 77' lang='grc' dir='ltr'><strong>ΙΙ</strong></span> <span class='ocrx_word' id='word_1_138' title='bbox 1074 1730 1122 1768; x_wconf 89' lang='grc'><strong>10</strong></span> <span class='ocrx_word' id='word_1_139' title='bbox 1152 1728 1327 1780; x_wconf 91' lang='lat' dir='ltr'><strong>populus</strong></span> <span class='ocrx_word' id='word_1_140' title='bbox 1364 1727 1416 1767; x_wconf 90' lang='lat' dir='ltr'><strong>ul’</strong></span> <span class='ocrx_word' id='word_1_141' title='bbox 1446 1731 1491 1767; x_wconf 91' lang='lat' dir='ltr'><strong>tu</strong></span> <span class='ocrx_word' id='word_1_142' title='bbox 1526 1726 1666 1768; x_wconf 87' lang='lat' dir='ltr'><strong>timido</strong></span> <span class='ocrx_word' id='word_1_143' title='bbox 1699 1727 1757 1766; x_wconf 93' lang='grc'><strong>0*</strong></span> <span class='ocrx_word' id='word_1_144' title='bbox 1795 1725 1810 1778; x_wconf 84' lang='grc' dir='ltr'><strong>ΙΙ</strong></span> <span class='ocrx_word' id='word_1_145' title='bbox 1850 1727 1954 1767; x_wconf 87' lang='lat' dir='ltr'><strong>euti-</strong></span> 
     </span>
     <span class='ocr_line' id='line_1_22' title="bbox 269 1780 490 1820; baseline 0 0"><span class='ocrx_word' id='word_1_146' title='bbox 269 1780 411 1820; x_wconf 84' lang='lat' dir='ltr'><strong>macho</strong></span> <span class='ocrx_word' id='word_1_147' title='bbox 445 1780 490 1820; x_wconf 92' lang='lat' dir='ltr'><em>V</em></span> 
     </span>
    </p>

    <p class='ocr_par' dir='ltr' id='par_1_7' title="bbox 268 1832 1963 2207">
     <span class='ocr_line' id='line_1_23' title="bbox 404 1832 1954 1885; baseline -0.002 -10"><span class='ocrx_word' id='word_1_148' title='bbox 404 1832 463 1875; x_wconf 85' lang='grc'><strong>96</strong></span> <span class='ocrx_word' id='word_1_149' title='bbox 490 1833 771 1873; x_wconf 78' lang='lat' dir='ltr'><strong>Interstitium</strong></span> <span class='ocrx_word' id='word_1_150' title='bbox 798 1833 963 1872; x_wconf 80' lang='lat' dir='ltr'><strong>nullum</strong></span> <span class='ocrx_word' id='word_1_151' title='bbox 983 1833 1024 1873; x_wconf 93' lang='lat' dir='ltr'><em>V</em></span> <span class='ocrx_word' id='word_1_152' title='bbox 1038 1833 1051 1885; x_wconf 89' lang='grc' dir='ltr'><strong>ΙΙ</strong></span> <span class='ocrx_word' id='word_1_153' title='bbox 1073 1837 1092 1874; x_wconf 90' lang='grc'>1</span> <span class='ocrx_word' id='word_1_154' title='bbox 1124 1834 1270 1873; x_wconf 87' lang='lat' dir='ltr'><strong>muteis</strong></span> <span class='ocrx_word' id='word_1_155' title='bbox 1297 1835 1449 1884; x_wconf 80' lang='lat' dir='ltr'><strong>scripsi</strong></span> <span class='ocrx_word' id='word_1_156' title='bbox 1457 1848 1471 1872; x_wconf 85' lang='lat'><strong>.-</strong></span> <span class='ocrx_word' id='word_1_157' title='bbox 1498 1833 1621 1873; x_wconf 88' lang='lat' dir='ltr'><strong>mutis</strong></span> <span class='ocrx_word' id='word_1_158' title='bbox 1650 1835 1691 1873; x_wconf 87' lang='lat' dir='ltr'><strong>et</strong></span> <span class='ocrx_word' id='word_1_159' title='bbox 1713 1833 1759 1874; x_wconf 91' lang='lat' dir='ltr'><em>V</em></span> <span class='ocrx_word' id='word_1_160' title='bbox 1775 1832 1897 1873; x_wconf 86' lang='lat' dir='ltr'><strong>mutis</strong></span> <span class='ocrx_word' id='word_1_161' title='bbox 1916 1847 1954 1872; x_wconf 85' lang='grc' dir='ltr'><strong><em>ω</em></strong></span> 
     </span>
     <span class='ocr_line' id='line_1_24' title="bbox 268 1885 1952 1939; baseline -0.001 -12"><span class='ocrx_word' id='word_1_162' title='bbox 268 1887 284 1939; x_wconf 74' lang='lat' dir='ltr'>ss</span> <span class='ocrx_word' id='word_1_163' title='bbox 303 1890 593 1938; x_wconf 87' lang='lat' dir='ltr'><strong>acceptumque</strong></span> <span class='ocrx_word' id='word_1_164' title='bbox 613 1901 649 1925; x_wconf 86' lang='grc' dir='ltr'><em>ω</em></span> <span class='ocrx_word' id='word_1_165' title='bbox 668 1886 681 1938; x_wconf 90' lang='grc' dir='ltr'><strong>ΙΙ</strong></span> <span class='ocrx_word' id='word_1_166' title='bbox 701 1889 724 1927; x_wconf 91' lang='grc'>3</span> <span class='ocrx_word' id='word_1_167' title='bbox 746 1886 832 1933; x_wconf 83' lang='lat' dir='ltr'><strong>Quo</strong></span> <span class='ocrx_word' id='word_1_168' title='bbox 857 1887 912 1926; x_wconf 88' lang='lat' dir='ltr'><strong>G:</strong></span> <span class='ocrx_word' id='word_1_169' title='bbox 942 1886 1026 1934; x_wconf 84' lang='lat' dir='ltr'><strong>Que</strong></span> <span class='ocrx_word' id='word_1_170' title='bbox 1049 1887 1106 1926; x_wconf 90' lang='lat' dir='ltr'><strong>O*</strong></span> <span class='ocrx_word' id='word_1_171' title='bbox 1135 1886 1235 1933; x_wconf 83' lang='lat' dir='ltr'><strong>Quei</strong></span> <span class='ocrx_word' id='word_1_172' title='bbox 1251 1887 1532 1926; x_wconf 75' lang='lat' dir='ltr'><strong>Baehrensius</strong></span> <span class='ocrx_word' id='word_1_173' title='bbox 1559 1885 1688 1933; x_wconf 82' lang='lat' dir='ltr'><strong>Quom</strong></span> <span class='ocrx_word' id='word_1_174' title='bbox 1709 1886 1952 1938; x_wconf 78' lang='lat' dir='ltr'><strong>Guarinusss</strong></span> 
     </span>
     <span class='ocr_line' id='line_1_25' title="bbox 271 1940 1954 1993; baseline 0 -14"><span class='ocrx_word' id='word_1_175' title='bbox 271 1940 477 1990; x_wconf 70' lang='lat' dir='ltr'><strong>(renouaffi</strong></span> <span class='ocrx_word' id='word_1_176' title='bbox 510 1941 541 1979; x_wconf 88' lang='lat'><em>0</em></span> <span class='ocrx_word' id='word_1_177' title='bbox 567 1943 596 1981; x_wconf 84' lang='lat' dir='ltr'><strong>i.</strong></span> <span class='ocrx_word' id='word_1_178' title='bbox 627 1954 659 1980; x_wconf 88' lang='lat' dir='ltr'><strong>e.</strong></span> <span class='ocrx_word' id='word_1_179' title='bbox 686 1942 940 1991; x_wconf 87' lang='lat' dir='ltr'><strong>renouamus)</strong></span> <span class='ocrx_word' id='word_1_180' title='bbox 973 1952 1211 1981; x_wconf 89' lang='lat' dir='ltr'><strong>reuocamus</strong></span> <span class='ocrx_word' id='word_1_181' title='bbox 1238 1942 1385 1991; x_wconf 83' lang='lat' dir='ltr'><strong>Peiper</strong></span> <span class='ocrx_word' id='word_1_182' title='bbox 1425 1940 1440 1993; x_wconf 81' lang='grc'><strong>11</strong></span> <span class='ocrx_word' id='word_1_183' title='bbox 1480 1942 1507 1980; x_wconf 93' lang='grc'>4</span> <span class='ocrx_word' id='word_1_184' title='bbox 1532 1940 1666 1992; x_wconf 80' lang='lat' dir='ltr'><strong>Atque</strong></span> <span class='ocrx_word' id='word_1_185' title='bbox 1702 1941 1847 1991; x_wconf 83' lang='lat' dir='ltr'><strong>(supra</strong></span> <span class='ocrx_word' id='word_1_186' title='bbox 1873 1951 1954 1992; x_wconf 88' lang='lat' dir='ltr'><strong>que</strong></span> 
     </span>
     <span class='ocr_line' id='line_1_26' title="bbox 274 1992 1955 2047; baseline -0.001 -13"><span class='ocrx_word' id='word_1_187' title='bbox 274 1994 328 2034; x_wconf 87' lang='lat' dir='ltr'><strong>G¹</strong></span> <span class='ocrx_word' id='word_1_188' title='bbox 354 1997 526 2047; x_wconf 79' lang='lat' dir='ltr'><strong>scripsit</strong></span> <span class='ocrx_word' id='word_1_189' title='bbox 553 1995 613 2046; x_wconf 72' lang='lat' dir='ltr'><strong>qs)</strong></span> <span class='ocrx_word' id='word_1_190' title='bbox 636 1994 669 2032; x_wconf 90' lang='lat' dir='ltr'><strong>G</strong></span> <span class='ocrx_word' id='word_1_191' title='bbox 696 1992 711 2045; x_wconf 90' lang='grc' dir='ltr'><strong>ΙΙ</strong></span> <span class='ocrx_word' id='word_1_192' title='bbox 739 1994 906 2034; x_wconf 87' lang='lat' dir='ltr'><strong>amissas</strong></span> <span class='ocrx_word' id='word_1_193' title='bbox 927 2009 962 2033; x_wconf 86' lang='grc' dir='ltr'><em>ω</em></span> <span class='ocrx_word' id='word_1_194' title='bbox 993 1994 1139 2034; x_wconf 88' lang='lat' dir='ltr'><strong>scissas</strong></span> <span class='ocrx_word' id='word_1_195' title='bbox 1168 2006 1244 2044; x_wconf 82' lang='lat' dir='ltr'><strong>ego</strong></span> <span class='ocrx_word' id='word_1_196' title='bbox 1274 1996 1436 2033; x_wconf 79' lang='lat' dir='ltr'><strong>conieci</strong></span> <span class='ocrx_word' id='word_1_197' title='bbox 1463 1994 1579 2034; x_wconf 84' lang='lat' dir='ltr'><strong>obitu</strong></span> <span class='ocrx_word' id='word_1_198' title='bbox 1607 1994 1753 2034; x_wconf 83' lang='lat' dir='ltr'><strong>scissas</strong></span> <span class='ocrx_word' id='word_1_199' title='bbox 1771 1993 1955 2034; x_wconf 79' lang='lat' dir='ltr'><strong>Pleitner</strong></span> 
     </span>
     <span class='ocr_line' id='line_1_27' title="bbox 270 2046 1953 2100; baseline -0.001 -13"><span class='ocrx_word' id='word_1_200' title='bbox 270 2048 405 2100; x_wconf 83' lang='lat' dir='ltr'><strong>Atque</strong></span> <span class='ocrx_word' id='word_1_201' title='bbox 446 2048 635 2088; x_wconf 75' lang='lat' dir='ltr'><strong>discissae</strong></span> <span class='ocrx_word' id='word_1_202' title='bbox 668 2047 951 2086; x_wconf 79' lang='lat' dir='ltr'><strong>Baehrensius</strong></span> <span class='ocrx_word' id='word_1_203' title='bbox 998 2047 1098 2088; x_wconf 89' lang='lat' dir='ltr'><strong>Orco</strong></span> <span class='ocrx_word' id='word_1_204' title='bbox 1137 2059 1288 2088; x_wconf 86' lang='lat' dir='ltr'><strong>mersas</strong></span> <span class='ocrx_word' id='word_1_205' title='bbox 1323 2048 1534 2099; x_wconf 82' lang='lat' dir='ltr'><strong>Hauptius</strong></span> <span class='ocrx_word' id='word_1_206' title='bbox 1573 2046 1624 2087; x_wconf 91' lang='lat' dir='ltr'><strong>Et</strong></span> <span class='ocrx_word' id='word_1_207' title='bbox 1659 2059 1739 2100; x_wconf 92' lang='lat' dir='ltr'><strong>quo</strong></span> <span class='ocrx_word' id='word_1_208' title='bbox 1769 2046 1953 2087; x_wconf 80' lang='lat' dir='ltr'><strong>dimissas</strong></span> 
     </span>
     <span class='ocr_line' id='line_1_28' title="bbox 272 2100 1963 2152; baseline 0.001 -12"><span class='ocrx_word' id='word_1_209' title='bbox 272 2101 548 2152; x_wconf 82' lang='lat' dir='ltr'><strong>Kiesslz&#39;ngius</strong></span> <span class='ocrx_word' id='word_1_210' title='bbox 574 2101 587 2150; x_wconf 80' lang='grc' dir='ltr'><strong>Η</strong></span> <span class='ocrx_word' id='word_1_211' title='bbox 617 2102 639 2139; x_wconf 89' lang='grc'>5</span> <span class='ocrx_word' id='word_1_212' title='bbox 666 2101 683 2138; x_wconf 81' lang='lat' dir='ltr'><strong>i</strong></span> <span class='ocrx_word' id='word_1_213' title='bbox 711 2104 863 2141; x_wconf 89' lang='lat' dir='ltr'><strong>matura</strong></span> <span class='ocrx_word' id='word_1_214' title='bbox 893 2102 1016 2150; x_wconf 83' lang='lat' dir='ltr'><strong>(imat.</strong></span> <span class='ocrx_word' id='word_1_215' title='bbox 1049 2101 1094 2152; x_wconf 89' lang='lat'><strong>0)</strong></span> <span class='ocrx_word' id='word_1_216' title='bbox 1124 2102 1163 2141; x_wconf 93' lang='lat' dir='ltr'><em>V</em></span> <span class='ocrx_word' id='word_1_217' title='bbox 1187 2100 1202 2152; x_wconf 86' lang='grc' dir='ltr'><strong>ΙΙ</strong></span> <span class='ocrx_word' id='word_1_218' title='bbox 1239 2101 1431 2140; x_wconf 84' lang='lat' dir='ltr'><strong>doloreist</strong></span> <span class='ocrx_word' id='word_1_219' title='bbox 1457 2101 1654 2140; x_wconf 75' lang='lat' dir='ltr'><strong>Ellis-ius:</strong></span> <span class='ocrx_word' id='word_1_220' title='bbox 1681 2100 1797 2141; x_wconf 90' lang='lat' dir='ltr'><strong>dolor</strong></span> <span class='ocrx_word' id='word_1_221' title='bbox 1825 2102 1888 2140; x_wconf 87' lang='lat' dir='ltr'><strong>est</strong></span> <span class='ocrx_word' id='word_1_222' title='bbox 1918 2100 1963 2141; x_wconf 94' lang='lat' dir='ltr'><em>V</em></span> 
     </span>
     <span class='ocr_line' id='line_1_29' title="bbox 273 2153 1926 2207; baseline -0.001 -13"><span class='ocrx_word' id='word_1_223' title='bbox 273 2154 426 2203; x_wconf 87' lang='lat' dir='ltr'><strong>[dolore</strong></span> <span class='ocrx_word' id='word_1_224' title='bbox 456 2158 519 2195; x_wconf 90' lang='lat' dir='ltr'><strong>est</strong></span> <span class='ocrx_word' id='word_1_225' title='bbox 549 2154 628 2202; x_wconf 90' lang='lat' dir='ltr'><strong>CL]</strong></span> <span class='ocrx_word' id='word_1_226' title='bbox 659 2154 828 2194; x_wconf 90' lang='lat' dir='ltr'><strong>dolorist</strong></span> <span class='ocrx_word' id='word_1_227' title='bbox 856 2155 1067 2205; x_wconf 83' lang='lat' dir='ltr'><strong>Hauptius</strong></span> <span class='ocrx_word' id='word_1_228' title='bbox 1093 2153 1108 2207; x_wconf 87' lang='grc' dir='ltr'><strong>ΙΙ</strong></span> <span class='ocrx_word' id='word_1_229' title='bbox 1136 2156 1159 2195; x_wconf 92' lang='grc'>6</span> <span class='ocrx_word' id='word_1_230' title='bbox 1189 2153 1366 2200; x_wconf 85' lang='lat' dir='ltr'><strong>Quintile</strong></span> <span class='ocrx_word' id='word_1_231' title='bbox 1399 2155 1443 2195; x_wconf 92' lang='lat' dir='ltr'><em>V</em></span> <span class='ocrx_word' id='word_1_232' title='bbox 1446 2154 1482 2204; x_wconf 87' lang='lat'><strong>*,</strong></span> <span class='ocrx_word' id='word_1_233' title='bbox 1513 2167 1612 2194; x_wconf 82' lang='lat' dir='ltr'><strong>corr</strong></span> <span class='ocrx_word' id='word_1_234' title='bbox 1642 2154 1695 2193; x_wconf 85' lang='lat' dir='ltr'><strong>G²</strong></span> <span class='ocrx_word' id='word_1_235' title='bbox 1924 2169 1926 2171; x_wconf 48' lang='lat'>&gt;</span> 
     </span>
    </p>

    <p class='ocr_par' dir='ltr' id='par_1_8' title="bbox 270 2207 1955 3114">
     <span class='ocr_line' id='line_1_30' title="bbox 405 2207 1954 2261; baseline -0.003 -11"><span class='ocrx_word' id='word_1_236' title='bbox 405 2207 460 2250; x_wconf 77' lang='lat'><strong>97</strong></span> <span class='ocrx_word' id='word_1_237' title='bbox 487 2209 768 2248; x_wconf 79' lang='lat' dir='ltr'><strong>Interstitium</strong></span> <span class='ocrx_word' id='word_1_238' title='bbox 795 2208 958 2247; x_wconf 79' lang='lat' dir='ltr'><strong>nullum</strong></span> <span class='ocrx_word' id='word_1_239' title='bbox 979 2209 1018 2248; x_wconf 91' lang='lat' dir='ltr'><em>V</em></span> <span class='ocrx_word' id='word_1_240' title='bbox 1042 2208 1056 2261; x_wconf 76' lang='lat' dir='ltr'>ss</span> <span class='ocrx_word' id='word_1_241' title='bbox 1087 2211 1105 2248; x_wconf 92' lang='lat'>1</span> <span class='ocrx_word' id='word_1_242' title='bbox 1139 2207 1329 2260; x_wconf 90' lang='lat' dir='ltr'><strong>quicquid</strong></span> <span class='ocrx_word' id='word_1_243' title='bbox 1350 2208 1390 2248; x_wconf 93' lang='lat' dir='ltr'><em>V</em></span> <span class='ocrx_word' id='word_1_244' title='bbox 1413 2207 1429 2261; x_wconf 83' lang='grc' dir='ltr'><strong>ΙΙ</strong></span> <span class='ocrx_word' id='word_1_245' title='bbox 1456 2209 1479 2247; x_wconf 85' lang='grc'><em>2</em></span> <span class='ocrx_word' id='word_1_246' title='bbox 1499 2207 1693 2247; x_wconf 86' lang='lat' dir='ltr'><strong>Vtrumne</strong></span> <span class='ocrx_word' id='word_1_247' title='bbox 1716 2208 1954 2246; x_wconf 76' lang='lat' dir='ltr'><strong>Auantius:</strong></span> 
     </span>
     <span class='ocr_line' id='line_1_31' title="bbox 274 2259 1954 2312; baseline -0.001 -12"><span class='ocrx_word' id='word_1_248' title='bbox 274 2260 414 2301; x_wconf 87' lang='lat' dir='ltr'><strong>Vtrum</strong></span> <span class='ocrx_word' id='word_1_249' title='bbox 444 2262 483 2302; x_wconf 92' lang='lat' dir='ltr'><em>V</em></span> <span class='ocrx_word' id='word_1_250' title='bbox 511 2261 651 2301; x_wconf 92' lang='lat' dir='ltr'><strong>Vtrum</strong></span> <span class='ocrx_word' id='word_1_251' title='bbox 680 2261 814 2300; x_wconf 89' lang='lat' dir='ltr'><strong>culum</strong></span> <span class='ocrx_word' id='word_1_252' title='bbox 844 2273 946 2301; x_wconf 88' lang='lat' dir='ltr'><strong>anne</strong></span> <span class='ocrx_word' id='word_1_253' title='bbox 976 2274 1021 2301; x_wconf 93' lang='lat' dir='ltr'><strong>os</strong></span> <span class='ocrx_word' id='word_1_254' title='bbox 1049 2263 1195 2311; x_wconf 84' lang='lat' dir='ltr'><strong>Peiper</strong></span> <span class='ocrx_word' id='word_1_255' title='bbox 1234 2261 1248 2312; x_wconf 71' lang='lat' dir='ltr'>ss</span> <span class='ocrx_word' id='word_1_256' title='bbox 1289 2261 1384 2300; x_wconf 93' lang='lat' dir='ltr'><strong>culu</strong></span> <span class='ocrx_word' id='word_1_257' title='bbox 1412 2261 1453 2301; x_wconf 93' lang='lat' dir='ltr'><strong>ol</strong></span> <span class='ocrx_word' id='word_1_258' title='bbox 1490 2261 1664 2301; x_wconf 87' lang='lat' dir='ltr'><strong>facerem</strong></span> <span class='ocrx_word' id='word_1_259' title='bbox 1695 2259 1750 2300; x_wconf 76' lang='lat'><strong>0*</strong></span> <span class='ocrx_word' id='word_1_260' title='bbox 1783 2259 1798 2312; x_wconf 84' lang='grc' dir='ltr'><strong>ΙΙ</strong></span> <span class='ocrx_word' id='word_1_261' title='bbox 1833 2261 1857 2300; x_wconf 87' lang='grc'><strong>3</strong></span> <span class='ocrx_word' id='word_1_262' title='bbox 1887 2259 1954 2300; x_wconf 90' lang='lat' dir='ltr'><strong>Nil</strong></span> 
     </span>
     <span class='ocr_line' id='line_1_32' title="bbox 272 2313 1953 2365; baseline -0.002 -10"><span class='ocrx_word' id='word_1_263' title='bbox 272 2315 487 2355; x_wconf 88' lang='lat' dir='ltr'><strong>omundius</strong></span> <span class='ocrx_word' id='word_1_264' title='bbox 527 2314 583 2354; x_wconf 90' lang='lat'><strong>0*</strong></span> <span class='ocrx_word' id='word_1_265' title='bbox 628 2313 951 2354; x_wconf 89' lang='lat' dir='ltr'><strong>Nilommundius</strong></span> <span class='ocrx_word' id='word_1_266' title='bbox 989 2314 1046 2355; x_wconf 88' lang='lat' dir='ltr'><strong>G*</strong></span> <span class='ocrx_word' id='word_1_267' title='bbox 1095 2315 1298 2365; x_wconf 90' lang='lat' dir='ltr'><strong>[Ni(c)hilo</strong></span> <span class='ocrx_word' id='word_1_268' title='bbox 1341 2314 1529 2355; x_wconf 85' lang='lat' dir='ltr'><strong>mundius</strong></span> <span class='ocrx_word' id='word_1_269' title='bbox 1565 2314 1672 2354; x_wconf 89' lang='lat' dir='ltr'><strong>ACL</strong></span> <span class='ocrx_word' id='word_1_270' title='bbox 1714 2315 1774 2364; x_wconf 85' lang='lat' dir='ltr'><strong>(in</strong></span> <span class='ocrx_word' id='word_1_271' title='bbox 1817 2315 1953 2360; x_wconf 58' lang='grc' dir='ltr'><strong>τοκέα)</strong></span> 
     </span>
     <span class='ocr_line' id='line_1_33' title="bbox 271 2366 1951 2419; baseline -0.002 -11"><span class='ocrx_word' id='word_1_272' title='bbox 271 2368 404 2409; x_wconf 86' lang='lat' dir='ltr'><strong>Laur.</strong></span> <span class='ocrx_word' id='word_1_273' title='bbox 430 2370 501 2419; x_wconf 88' lang='grc'><strong>55,</strong></span> <span class='ocrx_word' id='word_1_274' title='bbox 527 2369 578 2409; x_wconf 90' lang='grc'><em>42</em></span> <span class='ocrx_word' id='word_1_275' title='bbox 608 2367 717 2407; x_wconf 89' lang='lat' dir='ltr'><strong>Nihil</strong></span> <span class='ocrx_word' id='word_1_276' title='bbox 746 2369 828 2418; x_wconf 88' lang='lat' dir='ltr'><strong>(Nil</strong></span> <span class='ocrx_word' id='word_1_277' title='bbox 855 2370 898 2407; x_wconf 91' lang='lat' dir='ltr'><em>H</em></span> <span class='ocrx_word' id='word_1_278' title='bbox 921 2369 987 2408; x_wconf 92' lang='lat' dir='ltr'><strong>Nil</strong></span> <span class='ocrx_word' id='word_1_279' title='bbox 1015 2372 1077 2408; x_wconf 89' lang='lat' dir='ltr'><strong>est</strong></span> <span class='ocrx_word' id='word_1_280' title='bbox 1104 2370 1155 2419; x_wconf 89' lang='lat' dir='ltr'><strong>P)</strong></span> <span class='ocrx_word' id='word_1_281' title='bbox 1185 2368 1370 2408; x_wconf 89' lang='lat' dir='ltr'><strong>mundius</strong></span> <span class='ocrx_word' id='word_1_282' title='bbox 1398 2369 1557 2408; x_wconf 87' lang='lat' dir='ltr'><em>BHAP</em></span> <span class='ocrx_word' id='word_1_283' title='bbox 1574 2369 1709 2409; x_wconf 82' lang='lat' dir='ltr'><strong>Vatie.</strong></span> <span class='ocrx_word' id='word_1_284' title='bbox 1728 2368 1831 2408; x_wconf 85' lang='grc'><em>4650</em></span> <span class='ocrx_word' id='word_1_285' title='bbox 1858 2366 1951 2406; x_wconf 86' lang='lat' dir='ltr'><strong>Nilo</strong></span> 
     </span>
     <span class='ocr_line' id='line_1_34' title="bbox 272 2419 1950 2472; baseline -0.002 -10"><span class='ocrx_word' id='word_1_286' title='bbox 272 2423 459 2462; x_wconf 89' lang='lat' dir='ltr'><strong>mundius</strong></span> <span class='ocrx_word' id='word_1_287' title='bbox 487 2424 621 2461; x_wconf 84' lang='lat' dir='ltr'><strong>Paris.</strong></span> <span class='ocrx_word' id='word_1_288' title='bbox 648 2422 759 2462; x_wconf 90' lang='grc'><em>8252</em></span> <span class='ocrx_word' id='word_1_289' title='bbox 788 2423 849 2470; x_wconf 78' lang='lat' dir='ltr'><strong>(in</strong></span> <span class='ocrx_word' id='word_1_290' title='bbox 877 2423 1028 2472; x_wconf 82' lang='lat' dir='ltr'><strong>marg.)</strong></span> <span class='ocrx_word' id='word_1_291' title='bbox 1066 2422 1175 2462; x_wconf 90' lang='lat' dir='ltr'><strong>Nihil</strong></span> <span class='ocrx_word' id='word_1_292' title='bbox 1201 2422 1404 2462; x_wconf 80' lang='lat' dir='ltr'><strong>imundius</strong></span> <span class='ocrx_word' id='word_1_293' title='bbox 1439 2422 1475 2460; x_wconf 93' lang='lat' dir='ltr'><em>L</em></span> <span class='ocrx_word' id='word_1_294' title='bbox 1516 2422 1579 2470; x_wconf 84' lang='lat' dir='ltr'><strong>(in</strong></span> <span class='ocrx_word' id='word_1_295' title='bbox 1619 2421 1770 2471; x_wconf 82' lang='lat' dir='ltr'><strong>marg.)</strong></span> <span class='ocrx_word' id='word_1_296' title='bbox 1815 2419 1950 2460; x_wconf 83' lang='lat' dir='ltr'><strong>Nihilo</strong></span> 
     </span>
     <span class='ocr_line' id='line_1_35' title="bbox 272 2473 1953 2527; baseline -0.002 -11"><span class='ocrx_word' id='word_1_297' title='bbox 272 2477 458 2516; x_wconf 88' lang='lat' dir='ltr'><strong>mundior</strong></span> <span class='ocrx_word' id='word_1_298' title='bbox 475 2476 553 2525; x_wconf 76' lang='lat' dir='ltr'><strong>D*]</strong></span> <span class='ocrx_word' id='word_1_299' title='bbox 573 2477 585 2526; x_wconf 79' lang='grc' dir='ltr'>Η</span> <span class='ocrx_word' id='word_1_300' title='bbox 605 2475 726 2527; x_wconf 71' lang='lat' dir='ltr'><strong>nl’oqs</strong></span> <span class='ocrx_word' id='word_1_301' title='bbox 759 2475 815 2514; x_wconf 84' lang='grc' dir='ltr'><strong>Ο*</strong></span> <span class='ocrx_word' id='word_1_302' title='bbox 843 2477 904 2523; x_wconf 82' lang='lat' dir='ltr'><strong>(in</strong></span> <span class='ocrx_word' id='word_1_303' title='bbox 936 2477 967 2514; x_wconf 88' lang='lat'><em>0</em></span> <span class='ocrx_word' id='word_1_304' title='bbox 995 2489 1115 2526; x_wconf 87' lang='lat' dir='ltr'><strong>saepe</strong></span> <span class='ocrx_word' id='word_1_305' title='bbox 1142 2476 1190 2514; x_wconf 85' lang='lat' dir='ltr'><strong>n¹&#39;</strong></span> <span class='ocrx_word' id='word_1_306' title='bbox 1209 2495 1261 2509; x_wconf 92' lang='lat'><strong><em>=</em></strong></span> <span class='ocrx_word' id='word_1_307' title='bbox 1281 2476 1392 2524; x_wconf 88' lang='lat' dir='ltr'><strong>nihil,</strong></span> <span class='ocrx_word' id='word_1_308' title='bbox 1421 2475 1556 2521; x_wconf 85' lang='lat' dir='ltr'><strong>nichil)</strong></span> <span class='ocrx_word' id='word_1_309' title='bbox 1586 2475 1808 2526; x_wconf 86' lang='lat' dir='ltr'><strong>[nihiloque</strong></span> <span class='ocrx_word' id='word_1_310' title='bbox 1826 2473 1862 2512; x_wconf 90' lang='lat' dir='ltr'><em>L</em></span> <span class='ocrx_word' id='word_1_311' title='bbox 1891 2475 1953 2523; x_wconf 84' lang='lat' dir='ltr'><strong>(in</strong></span> 
     </span>
     <span class='ocr_line' id='line_1_36' title="bbox 272 2527 1952 2580; baseline -0.002 -12"><span class='ocrx_word' id='word_1_312' title='bbox 272 2531 427 2580; x_wconf 81' lang='lat' dir='ltr'><strong>marg.)</strong></span> <span class='ocrx_word' id='word_1_313' title='bbox 458 2530 599 2569; x_wconf 82' lang='lat' dir='ltr'><strong>Ouiae.</strong></span> <span class='ocrx_word' id='word_1_314' title='bbox 618 2529 812 2568; x_wconf 75' lang='lat' dir='ltr'><strong>Britann.</strong></span> <span class='ocrx_word' id='word_1_315' title='bbox 833 2529 954 2569; x_wconf 83' lang='grc'><em>44674</em></span> <span class='ocrx_word' id='word_1_316' title='bbox 980 2530 1113 2569; x_wconf 75' lang='lat' dir='ltr'><strong>Bura.</strong></span> <span class='ocrx_word' id='word_1_317' title='bbox 1134 2530 1216 2570; x_wconf 91' lang='grc'><em>455</em></span> <span class='ocrx_word' id='word_1_318' title='bbox 1243 2531 1377 2569; x_wconf 82' lang='lat' dir='ltr'><strong>Paris.</strong></span> <span class='ocrx_word' id='word_1_319' title='bbox 1396 2530 1506 2569; x_wconf 80' lang='grc'><em>8252</em></span> <span class='ocrx_word' id='word_1_320' title='bbox 1545 2530 1606 2578; x_wconf 81' lang='lat' dir='ltr'><strong>(in</strong></span> <span class='ocrx_word' id='word_1_321' title='bbox 1633 2529 1786 2578; x_wconf 83' lang='lat' dir='ltr'><strong>marg.)</strong></span> <span class='ocrx_word' id='word_1_322' title='bbox 1815 2527 1952 2566; x_wconf 81' lang='lat' dir='ltr'><strong>Paris.</strong></span> 
     </span>
     <span class='ocr_line' id='line_1_37' title="bbox 273 2579 1952 2634; baseline -0.002 -12"><span class='ocrx_word' id='word_1_323' title='bbox 273 2585 382 2623; x_wconf 86' lang='grc'><em>8256</em></span> <span class='ocrx_word' id='word_1_324' title='bbox 397 2585 458 2632; x_wconf 79' lang='lat' dir='ltr'><strong>(in</strong></span> <span class='ocrx_word' id='word_1_325' title='bbox 473 2584 625 2633; x_wconf 81' lang='lat' dir='ltr'><strong>marg.)</strong></span> <span class='ocrx_word' id='word_1_326' title='bbox 644 2583 838 2634; x_wconf 90' lang='lat' dir='ltr'><strong>nihloque</strong></span> <span class='ocrx_word' id='word_1_327' title='bbox 857 2584 1052 2623; x_wconf 65' lang='lat' dir='ltr'><strong>Britann.</strong></span> <span class='ocrx_word' id='word_1_328' title='bbox 1072 2583 1196 2622; x_wconf 84' lang='grc'><em>44945</em></span> <span class='ocrx_word' id='word_1_329' title='bbox 1225 2582 1351 2622; x_wconf 91' lang='lat' dir='ltr'><strong>nihilo</strong></span> <span class='ocrx_word' id='word_1_330' title='bbox 1371 2583 1446 2630; x_wconf 76' lang='lat' dir='ltr'><strong>DJ:</strong></span> <span class='ocrx_word' id='word_1_331' title='bbox 1477 2581 1674 2633; x_wconf 88' lang='lat' dir='ltr'><strong>nobisque</strong></span> <span class='ocrx_word' id='word_1_332' title='bbox 1696 2581 1729 2620; x_wconf 93' lang='lat' dir='ltr'><strong>G</strong></span> <span class='ocrx_word' id='word_1_333' title='bbox 1757 2579 1952 2629; x_wconf 87' lang='lat' dir='ltr'><em>[ABCHL</em></span> 
     </span>
     <span class='ocr_line' id='line_1_38' title="bbox 273 2634 1954 2689; baseline -0.002 -14"><span class='ocrx_word' id='word_1_334' title='bbox 273 2638 333 2686; x_wconf 82' lang='lat' dir='ltr'><strong>(in</strong></span> <span class='ocrx_word' id='word_1_335' title='bbox 369 2639 505 2687; x_wconf 73' lang='lat' dir='ltr'><strong>textu)</strong></span> <span class='ocrx_word' id='word_1_336' title='bbox 539 2636 622 2675; x_wconf 87' lang='grc' dir='ltr'><strong>ΛΡ</strong></span> <span class='ocrx_word' id='word_1_337' title='bbox 650 2638 783 2677; x_wconf 76' lang='lat' dir='ltr'><strong>Paris,</strong></span> <span class='ocrx_word' id='word_1_338' title='bbox 811 2638 919 2676; x_wconf 85' lang='grc'><em>8256</em></span> <span class='ocrx_word' id='word_1_339' title='bbox 947 2639 1009 2683; x_wconf 76' lang='lat' dir='ltr'><strong>(in</strong></span> <span class='ocrx_word' id='word_1_340' title='bbox 1038 2639 1186 2685; x_wconf 61' lang='lat' dir='ltr'><strong>temtum</strong></span> <span class='ocrx_word' id='word_1_341' title='bbox 1215 2635 1229 2689; x_wconf 77' lang='grc' dir='ltr'>Η</span> <span class='ocrx_word' id='word_1_342' title='bbox 1256 2636 1481 2675; x_wconf 89' lang='lat' dir='ltr'><strong>inmundior</strong></span> <span class='ocrx_word' id='word_1_343' title='bbox 1522 2634 1592 2674; x_wconf 90' lang='lat' dir='ltr'><strong>ille</strong></span> <span class='ocrx_word' id='word_1_344' title='bbox 1633 2635 1954 2673; x_wconf 73' lang='lat' dir='ltr'><strong>Lachmannus:</strong></span> 
     </span>
     <span class='ocr_line' id='line_1_39' title="bbox 270 2687 1955 2738; baseline -0.001 -11"><span class='ocrx_word' id='word_1_345' title='bbox 270 2690 477 2730; x_wconf 78' lang='lat' dir='ltr'><strong>imundius</strong></span> <span class='ocrx_word' id='word_1_346' title='bbox 506 2692 534 2738; x_wconf 84' lang='lat' dir='ltr'><strong>(i</strong></span> <span class='ocrx_word' id='word_1_347' title='bbox 563 2689 720 2730; x_wconf 69' lang='lat' dir='ltr'><strong>mudius</strong></span> <span class='ocrx_word' id='word_1_348' title='bbox 753 2689 800 2738; x_wconf 88' lang='lat' dir='ltr'><strong>G)</strong></span> <span class='ocrx_word' id='word_1_349' title='bbox 828 2690 927 2729; x_wconf 91' lang='lat' dir='ltr'><strong>illud</strong></span> <span class='ocrx_word' id='word_1_350' title='bbox 957 2691 1001 2730; x_wconf 92' lang='lat' dir='ltr'><em>V</em></span> <span class='ocrx_word' id='word_1_351' title='bbox 1023 2690 1107 2738; x_wconf 88' lang='lat' dir='ltr'><strong>[illo</strong></span> <span class='ocrx_word' id='word_1_352' title='bbox 1135 2692 1269 2729; x_wconf 80' lang='lat' dir='ltr'><strong>Paris.</strong></span> <span class='ocrx_word' id='word_1_353' title='bbox 1292 2691 1399 2730; x_wconf 84' lang='grc'><em>8256</em></span> <span class='ocrx_word' id='word_1_354' title='bbox 1427 2688 1496 2727; x_wconf 86' lang='lat' dir='ltr'><strong>ille</strong></span> <span class='ocrx_word' id='word_1_355' title='bbox 1524 2688 1656 2728; x_wconf 83' lang='lat' dir='ltr'><strong>Burn.</strong></span> <span class='ocrx_word' id='word_1_356' title='bbox 1676 2688 1770 2736; x_wconf 83' lang='grc'><em>455,</em></span> <span class='ocrx_word' id='word_1_357' title='bbox 1798 2687 1955 2727; x_wconf 88' lang='lat' dir='ltr'><strong>inmun-</strong></span> 
     </span>
     <span class='ocr_line' id='line_1_40' title="bbox 275 2741 1954 2795; baseline -0.002 -13"><span class='ocrx_word' id='word_1_358' title='bbox 275 2743 362 2783; x_wconf 91' lang='lat' dir='ltr'><strong>dior</strong></span> <span class='ocrx_word' id='word_1_359' title='bbox 389 2744 460 2783; x_wconf 91' lang='lat' dir='ltr'><strong>illo</strong></span> <span class='ocrx_word' id='word_1_360' title='bbox 489 2744 568 2792; x_wconf 91' lang='lat' dir='ltr'><strong>D*]</strong></span> <span class='ocrx_word' id='word_1_361' title='bbox 611 2742 676 2782; x_wconf 91' lang='lat' dir='ltr'><strong>Nil</strong></span> <span class='ocrx_word' id='word_1_362' title='bbox 712 2743 954 2782; x_wconf 88' lang='lat' dir='ltr'><strong>immundius</strong></span> <span class='ocrx_word' id='word_1_363' title='bbox 990 2744 1066 2782; x_wconf 90' lang='lat' dir='ltr'><strong>hoc</strong></span> <span class='ocrx_word' id='word_1_364' title='bbox 1095 2743 1230 2795; x_wconf 90' lang='lat' dir='ltr'><strong>nilque</strong></span> <span class='ocrx_word' id='word_1_365' title='bbox 1267 2748 1329 2782; x_wconf 91' lang='lat' dir='ltr'><strong>est</strong></span> <span class='ocrx_word' id='word_1_366' title='bbox 1362 2741 1603 2781; x_wconf 87' lang='lat' dir='ltr'><strong>immundius</strong></span> <span class='ocrx_word' id='word_1_367' title='bbox 1637 2741 1709 2781; x_wconf 90' lang='lat' dir='ltr'><strong>illo</strong></span> <span class='ocrx_word' id='word_1_368' title='bbox 1741 2741 1954 2781; x_wconf 74' lang='lat' dir='ltr'><strong>Guarinus</strong></span> 
     </span>
     <span class='ocr_line' id='line_1_41' title="bbox 274 2793 1952 2847; baseline -0.001 -13"><span class='ocrx_word' id='word_1_369' title='bbox 274 2795 340 2835; x_wconf 91' lang='lat' dir='ltr'><strong>Nil</strong></span> <span class='ocrx_word' id='word_1_370' title='bbox 369 2797 612 2837; x_wconf 89' lang='lat' dir='ltr'><strong>immundius</strong></span> <span class='ocrx_word' id='word_1_371' title='bbox 640 2797 729 2847; x_wconf 87' lang='lat' dir='ltr'><strong>hoc,</strong></span> <span class='ocrx_word' id='word_1_372' title='bbox 758 2797 857 2836; x_wconf 89' lang='lat' dir='ltr'><strong>nihil</strong></span> <span class='ocrx_word' id='word_1_373' title='bbox 887 2801 949 2836; x_wconf 90' lang='lat' dir='ltr'><strong>est</strong></span> <span class='ocrx_word' id='word_1_374' title='bbox 977 2797 1218 2836; x_wconf 89' lang='lat' dir='ltr'><strong>immundius</strong></span> <span class='ocrx_word' id='word_1_375' title='bbox 1247 2797 1317 2835; x_wconf 91' lang='lat' dir='ltr'><strong>illo</strong></span> <span class='ocrx_word' id='word_1_376' title='bbox 1347 2796 1515 2835; x_wconf 81' lang='lat' dir='ltr'><strong>aldinae</strong></span> <span class='ocrx_word' id='word_1_377' title='bbox 1542 2794 1634 2834; x_wconf 92' lang='lat' dir='ltr'><strong>Nilo</strong></span> <span class='ocrx_word' id='word_1_378' title='bbox 1663 2794 1848 2834; x_wconf 87' lang='lat' dir='ltr'><strong>mundius</strong></span> <span class='ocrx_word' id='word_1_379' title='bbox 1875 2793 1952 2833; x_wconf 82' lang='lat' dir='ltr'><strong>hoc</strong></span> 
     </span>
     <span class='ocr_line' id='line_1_42' title="bbox 274 2847 1953 2902; baseline -0.001 -14"><span class='ocrx_word' id='word_1_380' title='bbox 274 2850 391 2890; x_wconf 89' lang='lat' dir='ltr'><strong>nobis</strong></span> <span class='ocrx_word' id='word_1_381' title='bbox 422 2863 540 2902; x_wconf 90' lang='lat' dir='ltr'><strong>quam</strong></span> <span class='ocrx_word' id='word_1_382' title='bbox 570 2850 813 2890; x_wconf 89' lang='lat' dir='ltr'><strong>immundius</strong></span> <span class='ocrx_word' id='word_1_383' title='bbox 841 2850 941 2890; x_wconf 87' lang='lat' dir='ltr'><strong>illud</strong></span> <span class='ocrx_word' id='word_1_384' title='bbox 970 2851 1134 2890; x_wconf 79' lang='lat' dir='ltr'><strong>Statius</strong></span> <span class='ocrx_word' id='word_1_385' title='bbox 1164 2849 1230 2889; x_wconf 91' lang='lat' dir='ltr'><strong>Nil</strong></span> <span class='ocrx_word' id='word_1_386' title='bbox 1259 2848 1499 2889; x_wconf 89' lang='lat' dir='ltr'><strong>immundius</strong></span> <span class='ocrx_word' id='word_1_387' title='bbox 1527 2848 1627 2898; x_wconf 89' lang='lat' dir='ltr'><strong>hoc,</strong></span> <span class='ocrx_word' id='word_1_388' title='bbox 1656 2847 1861 2899; x_wconf 86' lang='lat' dir='ltr'><strong>nihiloque</strong></span> <span class='ocrx_word' id='word_1_389' title='bbox 1890 2850 1953 2886; x_wconf 86' lang='lat' dir='ltr'><strong>est</strong></span> 
     </span>
     <span class='ocr_line' id='line_1_43' title="bbox 274 2898 1952 2954; baseline -0.002 -13"><span class='ocrx_word' id='word_1_390' title='bbox 274 2903 460 2942; x_wconf 87' lang='lat' dir='ltr'><strong>mundius</strong></span> <span class='ocrx_word' id='word_1_391' title='bbox 502 2903 601 2943; x_wconf 86' lang='lat' dir='ltr'><strong>illud</strong></span> <span class='ocrx_word' id='word_1_392' title='bbox 629 2904 926 2943; x_wconf 73' lang='lat' dir='ltr'><strong>Froehliclzius</strong></span> <span class='ocrx_word' id='word_1_393' title='bbox 972 2904 1038 2943; x_wconf 90' lang='lat' dir='ltr'><strong>Nil</strong></span> <span class='ocrx_word' id='word_1_394' title='bbox 1070 2903 1311 2943; x_wconf 86' lang='lat' dir='ltr'><strong>immundius</strong></span> <span class='ocrx_word' id='word_1_395' title='bbox 1354 2902 1431 2942; x_wconf 88' lang='lat' dir='ltr'><strong>hoc</strong></span> <span class='ocrx_word' id='word_1_396' title='bbox 1467 2901 1673 2954; x_wconf 88' lang='lat' dir='ltr'><strong>nihiloque</strong></span> <span class='ocrx_word' id='word_1_397' title='bbox 1710 2898 1952 2941; x_wconf 87' lang='lat' dir='ltr'><strong>immundius</strong></span> 
     </span>
     <span class='ocr_line' id='line_1_44' title="bbox 273 2953 1953 3009; baseline -0.001 -16"><span class='ocrx_word' id='word_1_398' title='bbox 273 2955 374 2994; x_wconf 90' lang='lat' dir='ltr'><strong>illud</strong></span> <span class='ocrx_word' id='word_1_399' title='bbox 403 2957 596 3007; x_wconf 76' lang='lat' dir='ltr'><strong>Scaliger</strong></span> <span class='ocrx_word' id='word_1_400' title='bbox 621 2956 635 3009; x_wconf 82' lang='grc' dir='ltr'><strong>ΙΙ</strong></span> <span class='ocrx_word' id='word_1_401' title='bbox 664 2960 685 2996; x_wconf 88' lang='grc'><em>5</em></span> <span class='ocrx_word' id='word_1_402' title='bbox 718 2969 763 2997; x_wconf 92' lang='lat' dir='ltr'><strong>os</strong></span> <span class='ocrx_word' id='word_1_403' title='bbox 791 2958 1108 2996; x_wconf 73' lang='lat' dir='ltr'><strong>Froelzliclzius:</strong></span> <span class='ocrx_word' id='word_1_404' title='bbox 1146 2958 1211 2996; x_wconf 92' lang='lat' dir='ltr'><strong>hic</strong></span> <span class='ocrx_word' id='word_1_405' title='bbox 1240 2957 1285 2997; x_wconf 91' lang='lat' dir='ltr'><em>V</em></span> <span class='ocrx_word' id='word_1_406' title='bbox 1305 2956 1391 2996; x_wconf 90' lang='lat' dir='ltr'><strong>sine</strong></span> <span class='ocrx_word' id='word_1_407' title='bbox 1420 2955 1606 2994; x_wconf 87' lang='lat' dir='ltr'><strong>dentibus</strong></span> <span class='ocrx_word' id='word_1_408' title='bbox 1634 2955 1718 2995; x_wconf 85' lang='lat' dir='ltr'><strong>hic:</strong></span> <span class='ocrx_word' id='word_1_409' title='bbox 1747 2953 1877 2994; x_wconf 82' lang='lat' dir='ltr'><strong>dentis</strong></span> <span class='ocrx_word' id='word_1_410' title='bbox 1905 2963 1953 2992; x_wconf 85' lang='lat' dir='ltr'><strong>os</strong></span> 
     </span>
     <span class='ocr_line' id='line_1_45' title="bbox 273 3003 1955 3063; baseline 0 -16"><span class='ocrx_word' id='word_1_411' title='bbox 273 3008 550 3049; x_wconf 71' lang='lat' dir='ltr'><strong>Rossbachius</strong></span> <span class='ocrx_word' id='word_1_412' title='bbox 594 3011 672 3059; x_wconf 88' lang='lat' dir='ltr'><strong>[hic</strong></span> <span class='ocrx_word' id='word_1_413' title='bbox 715 3011 846 3051; x_wconf 86' lang='lat' dir='ltr'><strong>dentis</strong></span> <span class='ocrx_word' id='word_1_414' title='bbox 891 3023 936 3051; x_wconf 91' lang='lat' dir='ltr'><strong>os</strong></span> <span class='ocrx_word' id='word_1_415' title='bbox 978 3011 1067 3061; x_wconf 88' lang='lat' dir='ltr'><strong>(hos</strong></span> <span class='ocrx_word' id='word_1_416' title='bbox 1094 3012 1149 3063; x_wconf 90' lang='lat' dir='ltr'><strong>D)</strong></span> <span class='ocrx_word' id='word_1_417' title='bbox 1190 3011 1230 3050; x_wconf 91' lang='lat' dir='ltr'><em>D</em></span> <span class='ocrx_word' id='word_1_418' title='bbox 1266 3009 1377 3050; x_wconf 71' lang='grc' dir='ltr'><em>Βίου.</em></span> <span class='ocrx_word' id='word_1_419' title='bbox 1405 3011 1478 3049; x_wconf 89' lang='grc'><strong>606</strong></span> <span class='ocrx_word' id='word_1_420' title='bbox 1523 3009 1720 3049; x_wconf 77' lang='lat' dir='ltr'><strong>Britann.</strong></span> <span class='ocrx_word' id='word_1_421' title='bbox 1756 3007 1895 3055; x_wconf 75' lang='grc'><em>44945]</em></span> <span class='ocrx_word' id='word_1_422' title='bbox 1935 3003 1955 3056; x_wconf 71' lang='grc' dir='ltr'><strong>ΙΙ</strong></span> 
     </span>
     <span class='ocr_line' id='line_1_46' title="bbox 274 3063 696 3114; baseline 0.005 -13"><span class='ocrx_word' id='word_1_423' title='bbox 274 3073 446 3114; x_wconf 87' lang='lat' dir='ltr'><strong>seseque</strong></span> <span class='ocrx_word' id='word_1_424' title='bbox 475 3063 625 3103; x_wconf 86' lang='lat' dir='ltr'><strong>dedalis</strong></span> <span class='ocrx_word' id='word_1_425' title='bbox 656 3064 696 3103; x_wconf 92' lang='lat' dir='ltr'><em>V</em></span> 
     </span>
    </p>
   </div>
  </div>
 </body>
</html>
