2040 3372
828 160 891 209 38,
922 160 1065 207 3-39,
1098 161 1144 199 16
1544 155 1550 162 ’
1761 157 1820 202 27

350 294 408 341 Et
441 294 584 355 magis
618 294 761 355 magis
797 294 843 339 in
881 293 975 340 dies
1011 299 1055 338 et
1090 293 1238 339 horas.

349 361 496 415 Quem
531 368 595 418 tu,
632 361 754 420 quod
790 359 1030 405 minimum
1066 359 1422 419 facillimumque
1459 366 1539 415 est,

291 435 313 472 5
350 427 448 481 Qua
484 427 655 474 solatus
691 433 759 473 est
795 423 1103 472 allocutione?

349 494 526 540 Irascor
560 493 656 539 tibi.
727 493 792 539 sic
828 506 955 538 meos
990 490 1202 538 amores?

350 560 537 606 Paulum
576 559 684 619 quid
719 558 847 605 lubet
882 558 1184 615 allocutionis,

349 626 558 673 Maestius
592 625 789 672 lacrimis
824 625 1102 672 simonideis.

145 847 214 901 39
348 848 592 912 Egnatius,
630 852 753 912 quod
790 851 1006 897 candidos
1039 849 1178 896 habet
1214 850 1390 906 dentes,

348 916 542 964 Renidet
578 932 722 978 usque
760 931 955 978 quaque.
1026 917 1091 964 sei
1127 917 1180 963 ad
1217 917 1285 963 rei
1320 923 1512 963 uentum
1549 922 1613 961 est

350 983 644 1040 Subsellium,
683 998 786 1031 cum
824 990 977 1030 orator
1012 983 1177 1029 excitat
1212 983 1385 1039 fletum,

350 1050 547 1097 Renidet
581 1051 670 1096 ille.
741 1050 778 1096 si
815 1050 868 1095 ad
905 1049 969 1110 pii
1005 1063 1167 1110 rogum
1203 1049 1272 1095 fili

292 1123 313 1160 5
348 1116 568 1175 Lugetur,
606 1116 717 1162 orba
754 1130 857 1162 cum
893 1116 972 1162 flet
1008 1115 1198 1162 unicum
1234 1121 1394 1171 mater,

348 1182 542 1228 Renidet
575 1183 664 1229 ille.
735 1181 953 1242 quicquid
989 1189 1069 1239 est,
1106 1181 1387 1241 ubicumque
1425 1188 1506 1237 est,

348 1248 682 1309 Quodcumque
718 1249 821 1308 agit,
859 1248 1053 1295 renidet.
1124 1249 1250 1294 hunc
1284 1247 1422 1293 habet
1456 1246 1668 1293 morbum

345 1315 505 1375 Neque
541 1316 810 1376 elegantem,
848 1323 900 1361 ut
934 1315 1145 1370 arbitror,
1183 1328 1334 1374 neque
1369 1313 1613 1359 urbanum.

347 1380 498 1435 Quare
532 1381 814 1428 monendum
854 1388 920 1427 est
956 1389 997 1427 te
1030 1381 1155 1438 mihi,
1193 1380 1316 1427 bone
1352 1380 1533 1442 Egnati.

270 1454 313 1494 10
348 1447 395 1493 Si
431 1448 636 1495 urbanus
673 1463 794 1495 esses
830 1454 907 1494 aut
944 1447 1142 1494 Sabinus
1178 1455 1256 1493 aut
1291 1446 1458 1494 Tiburs

346 1515 435 1560 Aut
467 1515 616 1574 fartus
651 1514 821 1561 Vmber
854 1521 932 1560 aut
968 1514 1134 1561 obesus
1169 1514 1390 1561 Etruscus

346 1582 435 1627 Aut
469 1582 739 1629 Lanuuinus
775 1587 873 1627 ater
906 1587 1042 1641 atque
1078 1581 1291 1627 dentatus

346 1647 435 1693 Aut
470 1647 838 1709 Transpadanus,
875 1654 927 1694 ut
962 1662 1088 1694 meos
1126 1661 1311 1708 quoque
1348 1647 1582 1707 attingam,

345 1714 437 1760 Aut
472 1714 549 1774 qui
583 1715 711 1760 lubet
747 1714 824 1774 qui
860 1715 1039 1774 puriter
1074 1714 1184 1759 lauit
1220 1713 1395 1770 dentes,

267 1787 310 1825 15
345 1780 518 1826 Tamen
555 1781 767 1827 renidere
803 1794 950 1840 usque
986 1794 1167 1840 quaque
1203 1787 1247 1825 te
1286 1780 1478 1826 nollem:

344 1846 456 1891 Nam
492 1847 586 1894 risu
622 1847 780 1907 inepto
817 1861 891 1893 res
926 1846 1127 1907 ineptior
1163 1846 1287 1892 nulla
1324 1853 1404 1893 est.

147 2015 245 2055 sime
277 2017 322 2056 V
338 2014 351 2067 ΙΙ
381 2019 441 2055 est
471 2016 556 2054 add
581 2015 800 2065 Silligius:
832 2028 896 2055 om
925 2015 969 2055 V
989 2016 1002 2066 11
1032 2017 1054 2054 3
1084 2015 1129 2053 Ei
1148 2015 1312 2054 Birtius
1339 2014 1352 2063 ΙΙ
1380 2017 1405 2054 4
1434 2014 1730 2065 facilimumque
1764 2014 1828 2067 011

147 2071 170 2108 5
200 2068 431 2108 alocucione
464 2069 519 2107 O*
545 2068 560 2121 ΙΙ
590 2071 611 2108 7
641 2070 751 2108 iuuet
779 2069 972 2107 Heinsius
999 2066 1012 2120 ΙΙ
1048 2069 1292 2108 alocucionis
1325 2067 1380 2106 0*
1418 2068 1431 2120 ΙΙ
1466 2071 1510 2107 in
1540 2070 1724 2107 carmine
1753 2081 1823 2107 ea·-

149 2125 277 2162 tremo
304 2121 506 2161 nonnulla
532 2124 705 2173 periisse
731 2123 980 2161 Parthenias
1008 2122 1165 2172 aliique
1186 2125 1399 2172 putarunt

276 2173 334 2217 39
362 2175 638 2214 Interstitium
664 2175 825 2214 nullum
845 2177 890 2215 V
906 2175 921 2228 ΙΙ
953 2178 970 2214 1
991 2175 1177 2215 candides
1197 2175 1251 2213 0*
1278 2176 1293 2226 ΙΙ
1323 2175 1345 2213 2
1366 2175 1424 2214 sei
1444 2174 1820 2224 0[Laur.55‚42]:

146 2240 216 2269 seu
248 2228 281 2267 G
309 2231 364 2276 [et
391 2231 529 2278 ceteri]
565 2229 579 2280 ΙΙ
617 2230 639 2268 3
670 2227 896 2268 Subsellum
929 2228 960 2267 G
990 2228 1240 2268 Subscellum
1273 2228 1328 2266 0*
1355 2226 1370 2280 ΙΙ
1405 2228 1552 2267 excitat
1581 2232 1713 2267 orator
1743 2227 1782 2267 V
1807 2227 1823 2280 [1

142 2285 241 2346 4ἶήὶ
257 2306 395 2345 regum
411 2286 547 2334 filii'al’
562 2295 672 2345 impii
692 2295 723 2334 G
746 2296 901 2344 (omnia
915 2307 980 2345 pr.
995 2296 1120 2344 man.)
1142 2295 1252 2345 impii
1276 2306 1415 2346 regum
1439 2293 1509 2333 filii
1530 2295 1561 2332 0
1583 2292 1598 2346 u
1622 2296 1644 2333 5
1664 2294 1824 2344 Ingetur

144 2348 321 2388 orbicum
352 2348 406 2386 0*
432 2347 446 2401 ΙΙ
477 2349 500 2388 6
528 2347 756 2399 ubicunque
789 2348 820 2387 G
847 2346 861 2399 ΙΙ
891 2350 913 2388 9
946 2352 983 2387 te
1012 2348 1097 2387 add
1123 2348 1329 2387 Maehlius
1354 2351 1448 2398 post
1475 2351 1548 2397 est,
1578 2347 1824 2398 Spengelius

141 2401 249 2440 idem
269 2401 491 2440 addiderat
509 2405 606 2440 ante
620 2405 704 2440 est:
734 2413 800 2440 om
817 2401 864 2441 V.
907 2401 1128 2440 monendus
1149 2413 1190 2441 es
1207 2416 1242 2440 ω
1262 2400 1504 2441 monendum
1524 2403 1585 2440 est
1605 2401 1662 2440 sic
1682 2401 1824 2451 Peiper

142 2452 158 2506 ΙΙ
187 2457 232 2495 11
256 2453 381 2494 fartus
404 2455 609 2494 Venator:
638 2466 780 2504 parcus
804 2456 848 2495 V
867 2459 1005 2506 pastus
1026 2455 1198 2494 Vossius
1225 2455 1368 2494 bassus
1388 2454 1591 2493 Loewius.
1642 2455 1688 2492 in
1712 2453 1824 2503 glos-

141 2509 200 2546 sis
226 2510 435 2547 vaticanis
463 2508 523 2557 (in
538 2507 626 2547 Mai
647 2509 803 2548 classic.
820 2511 984 2547 auctor.
999 2508 1036 2558 7,
1048 2507 1136 2557 574)
1164 2509 1285 2547 haec:
1315 2507 1479 2558 Pinguis
1508 2518 1682 2558 grassus.
1729 2518 1819 2546 nam

145 2560 291 2600 obesus
318 2561 408 2613 plus
445 2565 505 2601 est
534 2573 652 2613 quam
687 2561 858 2612 pinguis.
916 2560 1093 2601 Catullus
1131 2561 1186 2600 ait
1212 2557 1307 2600 ‘Aut
1344 2560 1502 2611 pinguis
1531 2559 1679 2599 Vmber
1715 2560 1822 2607 (cod.

143 2613 280 2664 ubera)
307 2618 375 2653 aut
404 2614 549 2654 obesus
577 2614 766 2654 Etruscus
795 2614 897 2663 (cod.
933 2617 974 2653 et
1011 2616 1202 2666 prossus).
1261 2612 1315 2660 ef.
1350 2613 1531 2652 Tur-nebi
1558 2613 1655 2652 adu.
1684 2613 1744 2663 44,
1772 2614 1821 2654 8.·

142 2665 188 2708 Ρ.
216 2664 352 2707 Daniel
381 2678 469 2707 sese
502 2668 541 2707 in
581 2667 859 2718 antiquissimo
887 2667 1080 2718 reperisse
1117 2667 1246 2707 lexico
1277 2663 1370 2718 (cui
1398 2667 1523 2717 parile
1554 2678 1629 2717 ego
1668 2665 1751 2706 uidi
1779 2666 1821 2704 in

143 2720 383 2760 monasterio
413 2716 709 2761 uindocinensi’
742 2720 934 2770 Scaliger
963 2721 1019 2759 ad
1049 2721 1228 2762 Varron.
1255 2732 1295 2771 p.
1318 2720 1369 2760 24
1394 2720 1455 2760 ed.
1480 2721 1576 2771 bip.)
1605 2719 1660 2759 ait
1687 2719 1820 2760 locum

142 2772 199 2812 ita
226 2773 425 2824 prolatum
452 2768 548 2813 ‘Aut
576 2773 736 2825 pinguis
765 2767 928 2812 Vmber'
960 2772 975 2824 ΙΙ
1002 2777 1181 2814 etruscus
1210 2775 1246 2823 (e
1274 2776 1318 2812 in
1348 2785 1521 2822 rasura,
1560 2771 1706 2820 fuerat
1731 2771 1820 2819 for-

143 2829 250 2865 tasse
279 2828 488 2878 7truscus)
507 2827 539 2866 G
570 2830 765 2877 7truscus
785 2827 816 2865 0
843 2824 857 2878 ΙΙ
887 2828 936 2866 12
961 2827 1173 2867 lamiuinus
1191 2827 1233 2867 V
1254 2827 1269 2880 ΙΙ
1300 2828 1346 2867 13
1375 2828 1432 2874 ut]
1454 2830 1523 2866 aut
1538 2826 1576 2866 V
1600 2824 1616 2877 ΙΙ
1647 2829 1694 2867 15
1725 2837 1820 2877 qua-

144 2881 236 2930 que]
272 2885 314 2917 “a
351 2881 417 2929 (-—-
447 2882 579 2932 quam)
612 2879 666 2919 0*
694 2881 707 2932 Η
740 2882 790 2920 16
817 2879 902 2919 risti
936 2879 1004 2921 O*.
1059 2881 1254 2919 Ieremias
1290 2880 1419 2918 iudea:
1458 2880 1506 2918 de
1537 2879 1821 2930 Montagnone

144 2932 369 2972 Paduanus
391 2934 626 2984 compendii
647 2933 871 2973 moralium
896 2934 1142 2973 notabilium
1161 2937 1272 2985 part.
1289 2933 1385 2983 IIII,
1404 2932 1495 2972 libr.
1515 2932 1625 2971 IIII:
1655 2932 1818 2973 Catulus

145 2996 179 3023 c.
196 2983 327 3025 5‘risu
343 3009 394 3015 —-
410 2987 518 3026 nulla
548 2982 644 3027 est'.
689 2988 886 3025 Petrarca
914 2986 963 3025 de
990 2987 1183 3026 remediis
1211 2988 1431 3036 utriusque
1456 2985 1655 3033 fortunae
1677 2983 1817 3037 praefi

145 3037 237 3077 libr.
265 3038 309 3076 11
331 3051 372 3089 p.
393 3040 465 3079 404
486 3040 547 3079 ed.
562 3040 689 3078 Basil.
706 3053 743 3080 a.
764 3040 862 3079 4584
892 3039 1102 3080 stultorum
1130 3041 1234 3080 risus
1265 3052 1343 3091 quo
1371 3035 1522 3091 ‘inepto
1551 3051 1615 3079 res
1643 3039 1818 3089 ineptior

143 3090 250 3130 nulla
279 3087 372 3140 est',
399 3096 443 3131 ut
472 3092 648 3131 Catullus
678 3093 731 3131 ait
