2040 3372
789 136 852 184 61,
881 137 1077 185 226—62,
1107 140 1129 176 7
1725 138 1783 183 47

443 316 457 331 θ
535 268 655 315 Talis
690 268 810 317 illius
843 284 869 316 a
903 269 1028 317 bona

537 334 681 382 Matre
715 336 814 383 laus
847 351 995 398 genus
1030 337 1256 399 approbet

538 399 693 456 Qualis
725 403 862 449 unica
897 403 952 450 ab
990 404 1160 465 optima

537 468 681 515 Matre
715 469 982 517 Telemacho
1019 478 1175 518 manet

435 542 501 581 230
536 534 672 581 Fama
708 537 981 598 penelopeo.

537 640 742 688 Claudite
778 642 905 701 ostia,
939 643 1168 705 uirgines:

535 707 749 756 Lusimus
784 709 906 756 satis.
976 718 1032 768 at,
1070 710 1209 758 bonei

536 774 781 837 Coniuges,
816 775 932 823 bene
965 777 1111 824 uiuite
1146 785 1192 824 et

535 841 728 888 Munere
763 844 941 890 assiduo
976 844 1208 892 ualentem

434 915 502 954 235
536 907 759 956 Exercete
793 909 1046 957 iuuentam.

119 1077 185 1131 62
251 1077 436 1142 Vesper
470 1081 619 1142 adest:
655 1082 862 1141 iuuenes,
900 1083 1189 1143 consurgite:
1227 1098 1397 1145 uesper
1432 1084 1627 1147 Olympo

251 1146 500 1208 Expectata
536 1148 612 1194 diu
648 1149 726 1195 uix
760 1151 946 1196 tandem
981 1150 1154 1197 lumina
1189 1150 1320 1197 tollit.

252 1214 451 1275 Surgere
485 1215 574 1261 iam
607 1222 806 1277 tempus,
841 1217 931 1263 iam
966 1217 1150 1278 pinguis
1184 1217 1395 1278 linquere
1430 1231 1634 1265 mensas:

251 1279 342 1326 Iam
380 1281 538 1328 ueniet
570 1282 718 1343 uirgo,
755 1283 843 1330 iam
880 1284 1057 1330 dicetur
1090 1284 1384 1346 hymenaeus.

195 1354 217 1392 5
250 1346 429 1409 Hymen
466 1364 493 1395 o
529 1349 806 1410 Hymenaee,
843 1350 1021 1412 Hymen
1057 1350 1163 1398 ades
1198 1366 1224 1397 o
1263 1349 1535 1412 Hymenaee.

254 1452 463 1512 Cernitis,
498 1455 738 1517 innuptae,
775 1455 1001 1504 iuuenes?
1037 1457 1302 1517 consurgite
1339 1462 1523 1504 contra:

251 1520 475 1568 Nimirum
511 1530 688 1570 oetaeos
723 1524 925 1570 ostendit
960 1524 1156 1571 noctifer
1189 1524 1323 1585 iqnes.

249 1640 456 1687 226-227
487 1639 595 1679 Talis
623 1640 730 1681 illius
759 1642 887 1681 abona
908 1644 1033 1684 matre
1058 1642 1063 1693 Ι
1087 1641 1191 1680 Laus
1220 1653 1345 1691 genus
1365 1642 1530 1692 (egenus
1550 1640 1619 1689 0*)
1649 1653 1791 1692 appro-

117 1692 186 1732 bet
217 1693 262 1732 V
277 1693 292 1745 ΙΙ
319 1693 395 1734 228
425 1694 474 1732 ab
503 1706 569 1732 om
601 1693 655 1734 Ο*
682 1693 695 1745 ΙΙ
725 1696 800 1735 229
830 1695 1077 1734 theleamaco
1108 1695 1141 1734 G
1161 1695 1306 1744 [CDA]
1337 1695 1586 1735 thelamacho
1610 1694 1663 1733 0*
1692 1695 1794 1743 [the-

116 1745 269 1785 lamaco
289 1747 413 1795 ABL]
440 1748 453 1798 ΙΙ
484 1749 560 1787 230
590 1760 691 1799 pene
719 1749 837 1799 lopeo
862 1749 892 1787 0
935 1749 1158 1799 penolopeo
1182 1748 1214 1787 G
1240 1747 1256 1799 ΙΙ
1284 1750 1356 1788 231
1387 1748 1516 1787 hostia
1540 1748 1584 1787 V
1603 1748 1617 1795 ΙΙ
1646 1749 1722 1787 232
1743 1748 1793 1787 ad

119 1798 198 1848 Vll
225 1799 359 1839 bolnei
386 1802 447 1849 (in
464 1813 599 1850 marg.
621 1801 667 1839 al'
696 1801 815 1840 bonei
844 1802 987 1851 addg)
1011 1801 1043 1841 G
1086 1802 1216 1841 bonlei
1242 1802 1273 1840 0
1301 1802 1450 1850 [bolnei
1474 1801 1665 1840 ABCHA
1708 1802 1793 1841 bol-

117 1853 182 1892 nei
210 1856 250 1891 et
275 1853 322 1892 in
348 1866 481 1903 marg.
511 1854 558 1891 al'
587 1854 723 1893 bonlei
750 1855 786 1893 L
827 1855 946 1894 bonei
966 1855 1168 1893 DPLaur.
1187 1855 1340 1902 55,42]
1368 1856 1381 1907 ΙΙ
1411 1856 1487 1894 233
1517 1855 1621 1893 bone
1649 1855 1731 1894 uite
1752 1858 1792 1895 et

119 1906 157 1945 V
180 1907 194 1958 ΙΙ
223 1908 263 1945 et
284 1910 384 1956 post
410 1906 570 1946 assiduo
607 1911 750 1957 transp
780 1908 1057 1947 LueMueller
1092 1914 1106 1961 ΙΙ
1145 1909 1222 1948 234
1250 1909 1408 1947 assidue
1438 1908 1477 1946 V
1512 1906 1528 1960 ΙΙ
1568 1910 1644 1948 235
1674 1907 1793 1947 Exer-

118 1971 207 1999 cere
239 1959 294 1998 0*
330 1962 342 2007 u
381 1963 426 1999 in
452 1963 578 1999 unius
610 1974 759 1999 uersus
796 1963 1022 2000 interstitio
1050 1962 1135 2000 add
1165 1962 1196 2000 0
1224 1965 1290 2011 (m.
1314 1965 1399 2011 pr.)
1427 1965 1662 2000 atramento
1692 1964 1792 2009 (non

117 2015 264 2062 minio)
291 2026 391 2052 usus
419 2018 459 2051 et
485 2015 634 2052 eisdem
663 2016 812 2053 litteris
840 2017 989 2065 quibus
1026 2018 1244 2053 contemtus
1280 2018 1462 2065 scriptus
1498 2018 1559 2053 est
1595 2015 1792 2053 adhibitis

118 2065 290 2119 Explicit
318 2067 628 2117 epithalamium,
656 2070 845 2118 sequitur
872 2071 961 2106 sine
988 2070 1215 2106 interstitio
1242 2069 1307 2115 62,
1334 2068 1356 2106 4
1636 2100 1641 2105 .

249 2118 306 2161 62
335 2121 608 2159 Interstz’tium
642 2125 768 2159 unius
801 2134 947 2160 uersus
982 2124 1027 2160 in
1059 2121 1103 2168 G,
1139 2123 1319 2160 inseruit
1343 2121 1594 2160 Exametrum
1635 2132 1792 2168 carmen

117 2173 935 2279 ‹affitffmtvffidt'h‘ssiffletstan
963 2173 1792 2275 ‘232²ii222?⁸00‘3-„5522·‘¹32⁶55d335·r0¹2³253‘

116 2280 208 2330 neo)
237 2283 348 2319 inter
372 2283 585 2331 parisinos
602 2282 699 2320 8074
728 2282 885 2320 saeculi
907 2282 1039 2331 VIIII,
1070 2284 1144 2331 qui
1169 2284 1242 2320 ubi
1270 2295 1295 2320 a
1325 2285 1442 2320 textu
1470 2285 1611 2319 nostro
1641 2281 1791 2319 discre-

111 2338 186 2384 pet
213 2335 428 2373 adnotaui.
475 2334 781 2384 Epithalamium
804 2335 1090 2383 Quintilianus
1117 2348 1278 2385 quoque
1306 2337 1343 2374 h.
1365 2347 1398 2373 c.
1428 2336 1630 2382 nominat,
1661 2332 1715 2380 cf.
1736 2335 1794 2373 ad

117 2399 158 2426 u.
177 2389 241 2427 45.
288 2388 373 2426 Hoc
401 2400 569 2426 carmen
596 2390 859 2427 amoebaeum
889 2392 1004 2427 certa
1031 2391 1300 2438 stropharum
1327 2390 1494 2426 ratione
1522 2390 1792 2437 compositum

118 2453 202 2479 esse
238 2439 424 2480 Naekius
454 2443 619 2491 primus
655 2442 777 2481 uidit.
832 2444 878 2480 in
911 2442 1089 2491 singulis
1122 2444 1244 2480 rebus
1279 2442 1432 2480 multae
1466 2445 1564 2479 sunt
1599 2442 1791 2479 uirorum

119 2495 334 2533 doctorum
362 2494 668 2545 discrepantiae
694 2494 708 2545 ΙΙ
740 2498 758 2535 1
793 2496 930 2535 Varro
960 2496 1008 2534 de
1038 2496 1061 2536 l.
1085 2496 1110 2536 l.
1125 2495 1160 2543 7,
1175 2498 1226 2534 50
1253 2489 1509 2545 ‘uesperugo³
1542 2493 1657 2533 stella
1688 2505 1791 2545 quae

118 2559 283 2599 uespere
312 2548 447 2596 oritur,
478 2561 498 2587 a
521 2561 600 2599 quo
630 2560 715 2587 eam
738 2547 891 2598 Opilius
913 2549 1050 2588 scribit
1076 2544 1336 2599 ‘uesperum'.
1394 2549 1530 2599 itaque
1559 2547 1655 2585 dicit
1676 2546 1791 2586 Vale-

118 2601 199 2639 rius
228 2601 387 2650 (dicitur
415 2601 584 2640 alterum
614 2602 718 2640 liber
744 2603 1006 2650 florentinus,
1035 2603 1146 2651 quod
1173 2604 1356 2650 correxi)
1381 2597 1550 2650 ‘Vesper
1575 2593 1718 2639 adest'.
1739 2623 1791 2629 —

118 2652 251 2693 Turba
278 2655 452 2694 uirorum
482 2655 567 2694 add
591 2657 638 2693 in
665 2667 798 2705 marg.
824 2667 857 2704 g
883 2655 896 2707 ss
934 2657 956 2695 3
986 2659 1096 2694 inter
1123 2660 1281 2707 tempus
1309 2659 1350 2693 et
1375 2655 1454 2693 iam
1481 2655 1528 2692 in
1559 2653 1591 2692 G
1615 2666 1790 2704 superne

118 2707 264 2746 addita
292 2712 351 2746 est
377 2710 528 2747 uocula
549 2714 622 2755 est,
650 2709 722 2747 sed
747 2721 879 2758 neque
900 2722 924 2746 a
948 2708 999 2747 G¹
1025 2722 1156 2759 neque
1182 2723 1207 2748 a
1223 2722 1255 2759 g
1279 2709 1292 2758 11
1324 2708 1482 2758 pinguis
1505 2707 1674 2756 0T[H]:
1705 2707 1791 2757 pin-

118 2772 216 2811 gues
248 2760 281 2800 G
306 2761 320 2813 ΙΙ
348 2762 445 2813 Ιίᾷτε
475 2761 531 2800 0*
558 2762 573 2813 ss
601 2764 626 2801 4
653 2763 831 2801 imeneus
863 2761 917 2800 O*
943 2762 955 2811 Η
986 2764 1008 2801 5
1038 2762 1216 2813 Hymeno
1246 2763 1465 2813 hymeneae
1493 2760 1737 2812 hymenades
1766 2773 1789 2799 ο

118 2814 363 2865 hymenaeae
396 2815 431 2854 T
454 2814 543 2867 Hy(i
564 2815 698 2865 O)men
729 2815 839 2867 ohy(i
864 2815 1048 2863 O)menee
1079 2817 1161 2867 hy(i
1182 2816 1318 2865 0)men
1347 2814 1441 2853 ades
1471 2826 1494 2852 o
1524 2815 1720 2865 hymenee
1742 2814 1791 2862 V,

117 2869 179 2906 sic
205 2868 275 2906 uel
294 2881 428 2918 paene
454 2871 514 2906 sic
542 2872 667 2906 etiam
694 2871 740 2907 in
770 2871 917 2907 ceteris
937 2870 1261 2918 epiphonematis
1286 2869 1300 2921 ΙΙ
1330 2871 1353 2908 6
1384 2867 1520 2906 Puelle
1547 2869 1593 2906 in
1611 2879 1792 2917 marg.g

119 2919 133 2970 ΙΙ
161 2922 345 2972 consurgi
373 2926 523 2961 cretera
550 2922 585 2960 Τ
624 2934 860 2972 consurgere
891 2929 1024 2961 contra
1045 2937 1079 2960 ω
1108 2921 1121 2973 ΙΙ
1150 2926 1171 2962 7
1202 2927 1291 2961 oeta
1323 2934 1391 2960 eos
1417 2920 1470 2959 T:
1500 2921 1575 2959 hoc
1604 2933 1674 2960 eos
1698 2920 1730 2960 G
1765 2922 1789 2960 h·

121 2985 190 3012 eos
226 2975 352 3024 (quod
384 2977 481 3014 item
517 2975 732 3024 significat
770 2977 843 3014 hoc
882 2976 966 3024 eos)
1007 2975 1062 3013 O*
1098 2975 1111 3028 ΙΙ
1143 2976 1290 3014 imbres
1323 2974 1359 3013 T
1392 2974 1519 3014 imber
1555 2975 1599 3014 V
1631 2978 1790 3013 oetaeas

122 3027 300 3066 obtendit
321 3028 488 3067 noctifer
507 3030 667 3068 umbras
683 3029 844 3068 Statius
885 3032 1045 3068 oetaeos
1068 3030 1134 3080 (=
1152 3029 1331 3079 Οἰταῖος)
1360 3039 1403 3067 se
1430 3028 1604 3068 ostendit
1622 3027 1792 3067 noctifer

120 3079 294 3119 umbreis
322 3081 527 3131 Bergk-ius
