2040 3372
803 165 866 212 55,
896 166 1066 214 21—58‚
1095 168 1118 205 5
1735 167 1795 212 37

315 297 405 343 —Vel
438 297 476 344 si
510 296 596 353 uis,
632 297 739 344 licet
772 296 959 345 obseres
994 298 1211 359 palatum,

322 363 440 410 Dum
474 363 620 410 uostri
653 363 738 411 sim
771 364 1003 426 particeps
1038 366 1218 413 amoris.

126 535 190 590 56
324 533 365 587 0
400 550 497 583 rem
533 536 785 594 ridiculam,
823 537 947 595 Cato,
984 546 1030 585 et
1063 539 1263 586 iocosam

322 603 609 664 Dignamque
644 604 832 651 auribus
867 612 912 651 et
946 612 1025 652 tuo
1064 606 1304 653 cachinno.

322 669 450 727 Ride,
487 670 705 731 quicquid
739 685 877 728 amas,
914 671 1037 727 Cato,
1075 672 1321 720 Catullum:

324 736 413 783 Res
449 743 517 784 est
550 737 739 784 ridicula
775 744 820 784 et
855 738 991 785 nimis
1026 739 1194 786 iocosa.

270 811 292 849 5
326 803 559 864 Deprendi
595 805 729 850 modo
766 805 992 865 pupulum
1026 806 1204 867 puellae

324 869 622 917 Trusantem:
658 871 784 918 hunc
818 885 917 932 ego,
955 872 993 918 si
1028 873 1176 934 placet
1211 872 1401 930 Dionae,

323 936 413 983 Pro
448 937 538 983 telo
573 937 719 999 rigida
752 951 853 984 mea
888 938 1045 985 cecidi.

126 1108 190 1161 57
321 1106 499 1158 Pulcre
533 1110 754 1157 conuenit
786 1109 1010 1171 improbis
1046 1111 1260 1168 cinaedis,

323 1175 582 1223 Mamurrae
615 1176 890 1237 pathicoque
926 1177 1212 1238 Caesarique.
1325 1175 1328 1179 ’

284 1289 290 1297 ,
323 1242 419 1289 Nec
453 1241 645 1289 mirum:
681 1244 886 1290 maculae
921 1244 1045 1305 paris
1080 1245 1303 1306 utrisque,

323 1308 508 1355 Vrbana
541 1310 683 1356 altera
718 1316 763 1356 et
797 1310 872 1356 illa
907 1311 1146 1368 formiana,

268 1383 291 1421 5
324 1375 577 1437 Impressae
612 1376 815 1424 resident
850 1392 937 1423 nec
974 1378 1211 1424 eluentur:

324 1442 525 1490 Morbosi
559 1444 729 1504 pariter
764 1444 945 1505 gemelli
980 1444 1179 1505 utrique,

323 1509 425 1556 Vno
461 1509 508 1556 in
544 1510 712 1557 lectulo
750 1510 965 1563 erudituli
1002 1510 1150 1568 ambo,

323 1576 426 1623 Non
461 1576 536 1623 hic
572 1591 708 1637 quam
743 1577 819 1623 ille
852 1577 996 1638 magis
1031 1592 1174 1624 uorax
1210 1578 1402 1635 adulter,

322 1642 503 1690 Riuales
537 1643 678 1691 sociei
708 1643 1041 1705 puellularum:

249 1716 292 1756 10
326 1709 490 1756 Pulcre
526 1710 748 1757 conuenit
781 1709 1004 1771 improbis
1040 1711 1259 1758 cinaedis.

127 1878 194 1932 58
327 1877 468 1937 Caeli,
505 1880 668 1928 Lesbia
701 1888 871 1941 nostra,
908 1882 1072 1929 Lesbia
1106 1882 1195 1939 illa,

325 1947 407 1993 Illa
441 1946 621 2005 Lesbia,
659 1962 795 2008 quam
831 1949 1031 1996 Catullus
1066 1963 1204 1995 unam

325 2013 434 2061 Plus
471 2028 607 2074 quam
641 2029 690 2060 se
726 2022 863 2075 atque
898 2031 1006 2063 suos
1042 2016 1210 2062 amauit
1245 2030 1421 2072 omnes,

325 2080 460 2127 Nunc
494 2080 542 2127 in
580 2080 847 2159 quadruuiis
884 2089 928 2128 et
962 2082 1215 2143 angiportis

268 2154 288 2192 5
323 2146 478 2194 Glubit
511 2148 791 2209 magnanimi
825 2149 962 2196 Remi
994 2154 1201 2211 nepotes.

261 2360 312 2399 22
339 2358 460 2398 uestri
490 2358 563 2407 (firi
595 2359 640 2409 0)
669 2358 713 2398 V
718 2358 753 2408 *‚
783 2358 934 2397 litteris
963 2370 1013 2398 ue
1041 2370 1129 2397 δεον
1157 2359 1207 2398 al'
1236 2371 1286 2398 no
1304 2363 1346 2407 g'
1365 2357 1505 2406 [nostri
1535 2359 1663 2397 ceteri
1691 2359 1804 2406 boni]

125 2412 141 2465 u
168 2412 223 2452 sis
254 2413 300 2453 V
330 2412 456 2452 nostri
484 2412 538 2451 sis
566 2410 630 2462 (fis
658 2413 849 2463 Heysius)
879 2426 913 2451 ω
961 2412 1085 2451 uestri
1123 2413 1198 2452 sim
1234 2424 1309 2463 ego
1338 2413 1549 2451 Auantius
1589 2410 1690 2450 Dum
1719 2411 1806 2451 ueri

130 2466 184 2506 sis
211 2465 480 2515 Rosa-bergina·

260 2519 318 2562 56
347 2518 481 2558 Vnius
498 2530 646 2556 uersus
663 2519 934 2556 interstitium
952 2519 998 2555 in
1017 2518 1064 2568 V,
1091 2519 1271 2557 inseruit
1289 2517 1350 2556 Ad
1366 2518 1555 2557 Catonem
1567 2528 1600 2566 g
1625 2516 1641 2570 ss
1670 2519 1693 2557 2
1714 2516 1804 2556 cha-

130 2572 273 2612 chinno
306 2571 338 2611 G
365 2570 380 2623 ΙΙ
407 2574 429 2611 3
459 2571 559 2611 Nide
583 2572 638 2610 Ο*
667 2570 680 2622 ΙΙ
710 2574 731 2611 5
761 2571 952 2632 populum
982 2571 1026 2610 V
1044 2571 1057 2622 ΙΙ
1087 2584 1143 2610 an
1170 2571 1211 2610 in
1240 2571 1403 2621 puella?
1430 2569 1444 2623 ΙΙ
1472 2573 1495 2611 6
1525 2564 1742 2610 (ἔτὶεωιῐεῖῃ
1770 2585 1805 2610 ω

131 2625 358 2665 Grusantem
386 2625 662 2664 Baehrensius
703 2628 714 2674 Η
751 2624 808 2663 sic
837 2624 995 2663 Statius
1021 2624 1034 2676 l}
1063 2624 1195 2676 dyone
1227 2625 1260 2664 G
1302 2624 1448 2663 Dianae
1482 2624 1764 2674 Westphalius
1791 2626 1806 2676 ss

132 2681 151 2718 7
183 2677 342 2718 Protelo
372 2693 407 2717 ω
434 2676 450 2730 ΙΙ
476 2678 599 2717 ridida
633 2677 830 2726 G*,cor1·
854 2689 886 2727 g

262 2731 327 2780 57,
346 2733 380 2772 1.
404 2734 451 2772 10
472 2731 612 2770 Pulcre
629 2731 679 2780 V,
706 2731 803 2769 inde
829 2728 934 2776 feeit
954 2742 995 2770 u.
1012 2731 1032 2769 4
1056 2729 1268 2780 Pulchreg
1295 2730 1309 2782 11
1340 2733 1362 2770 3
1384 2741 1499 2780 pares
1519 2743 1553 2768 ω
1582 2729 1600 2793 ΙΙ
1626 2732 1648 2770 5
1677 2729 1759 2780 Imp
1762 2742 1806 2769 se

134 2784 190 2823 0*
215 2783 231 2837 ΙΙ
258 2796 355 2824 nece
382 2784 539 2824 luentur
568 2785 607 2824 V
631 2783 644 2835 ΙΙ
674 2786 696 2823 6
721 2784 847 2833 gloss.
871 2783 996 2822 Labb.
1012 2796 1056 2833 p.
1075 2784 1163 2823 4460
1203 2784 1414 2823 morbosus
1435 2781 1651 2835 παθικοςΙΙ
1667 2783 1806 2823 tenelli

130 2838 338 2888 Hauptius
377 2838 390 2889 ΙΙ
433 2841 454 2878 7
484 2838 670 2877 lecticulo
704 2836 757 2876 0*
785 2838 1061 2876 Baelzrensius
1102 2837 1293 2876 lectululo
1329 2837 1540 2874 Auantz‘us
1582 2837 1731 2876 lectulo
1767 2840 1807 2876 et

130 2891 422 2930 Froelzliclzius
458 2892 471 2943 ΙΙ
506 2893 529 2931 9
558 2891 719 2930 Niuales
752 2890 807 2929 0*
835 2890 849 2940 ss
877 2890 999 2929 sociei
1030 2890 1173 2941 Scatig
1148 2903 1244 2929 er.-
1273 2890 1371 2929 socii
1401 2894 1440 2928 et
1471 2889 1513 2929 V
1543 2890 1555 2941 Η
1593 2889 1805 2940 puellulla-

132 2955 216 2983 rum
249 2944 306 2982 0*

205 3007 208 3010 ⁴
263 2997 321 3039 58
348 2996 521 3036 Nullum
548 2999 822 3035 interstitium
846 2979 889 3035 V
908 2996 922 3049 ΙΙ
953 2999 971 3035 1
1002 2998 1133 3036 uestra
1162 2997 1244 3043 (ura
1265 2997 1309 3044 0)
1341 2996 1384 3035 V
1409 2997 1546 3035 nescio
1574 3009 1630 3035 an
1657 2999 1767 3034 recte
1793 2994 1806 3044 ΙΙ

134 3051 158 3090 2
186 3050 338 3089 catulus
371 3050 401 3088 O
434 3050 447 3101 ΙΙ
482 3052 507 3090 4
535 3050 764 3101 quadruuiis
795 3049 870 3088 G*:
901 3048 1117 3101 quadriuiis
1148 3051 1179 3089 0
1215 3051 1229 3102 ΙΙ
1268 3051 1290 3089 5
1319 3060 1474 3101 magna·
1498 3049 1718 3090 amiremini
1750 3048 1804 3088 0*

131 3114 275 3154 magua
304 3102 550 3142 admiremini
581 3103 614 3142 G
655 3102 927 3154 magnanimos
959 3116 994 3141 ω
