2040 3372
266 118 298 163 4
1005 124 1042 172 4,
1074 124 1200 163 1-14

264 252 298 307 4
466 252 713 306 Phasellus
747 256 823 303 ille
859 271 996 317 quem
1033 257 1213 314 uidetis,
1251 258 1468 320 hospites,

463 324 536 370 Ait
574 322 714 370 fuisse
752 323 941 370 nauium
977 324 1256 382 celerrimus,

464 390 624 451 Neque
660 389 798 437 ullius
835 390 1034 438 natantis
1070 391 1291 453 impetum
1327 391 1466 439 trabis

465 456 691 517 Nequisse
727 456 996 517 praeterire,
1033 457 1130 504 siue
1166 457 1379 519 palmulis

409 531 431 569 5
467 522 597 584 Opus
633 523 753 570 foret.
789 523 946 570 nolare
983 523 1080 571 siue
1116 524 1272 571 linteo.

465 589 523 636 Et
561 590 649 636 hoc
686 597 823 651 negat
857 589 1044 637 minacis
1078 591 1295 638 Adriatici

465 656 643 718 Negare
679 656 786 703 litus
822 657 1054 704 insulasue
1092 657 1308 720 Cycladas

464 722 770 783 Rhodumque
808 723 1010 770 nobilem
1047 724 1372 785 horridamque
1408 723 1626 772 thraciam

465 789 749 851 Propontida
784 796 1021 837 trucemue
1057 790 1297 852 ponticum
1333 791 1501 848 sinum,

389 863 432 902 10
466 855 552 901 vbi
588 856 672 902 iste
709 862 815 918 post
851 857 1082 918 phasellus
1117 863 1249 904 antea
1284 857 1370 904 fuit

467 922 651 969 Comata
688 923 823 971 silua:
867 938 972 970 nam
1009 924 1182 986 cytorio
1218 923 1266 971 in
1302 924 1410 985 iugo

466 989 708 1049 Loquente
745 1004 881 1052 saepe
918 990 1101 1038 sibilum
1139 990 1279 1037 edidit
1316 1004 1460 1038 coma.

465 1056 663 1103 Amastri
698 1057 884 1117 pontica
921 1064 966 1104 et
1003 1058 1161 1119 Cytore
1195 1057 1391 1111 buxifer,

468 1122 570 1169 Tibi
606 1123 718 1169 haec
755 1124 894 1171 fuisse
934 1130 978 1171 et
1014 1139 1115 1173 esse
1151 1124 1467 1186 cognitissima

265 1254 433 1305 ocellos)
451 1267 493 1305 p.
512 1256 592 1293 598
608 1253 742 1296 Cram.
790 1254 969 1295 Catullus
994 1249 1098 1295 ‘Tua
1127 1267 1231 1295 nunc
1260 1266 1380 1306 opera
1410 1265 1515 1294 mea
1544 1266 1583 1306 p.
1603 1252 1754 1294 Flendo
1783 1253 1951 1305 turgi-

264 1307 365 1348 doli
395 1308 539 1347 rubent
559 1303 712 1349 ocelli'.
761 1308 922 1348 eosdem
949 1320 1095 1348 uersus
1121 1311 1306 1363 respexit
1328 1307 1537 1347 Martialis
1555 1308 1592 1355 7,
1608 1308 1709 1358 44‚2
1731 1305 1874 1347 Amisit
1892 1306 1952 1347 lu-

264 1373 333 1402 sus
370 1361 614 1413 deliciasque
652 1373 767 1412 suas,
806 1361 895 1402 Non
926 1362 1066 1414 quales
1104 1363 1230 1402 teneri
1266 1361 1439 1413 plorauit
1474 1360 1599 1401 amica
1639 1360 1782 1400 Catulli
1810 1358 1952 1401 Lesbia

264 1415 456 1467 nequitiis
485 1414 659 1467 passeris
687 1414 784 1454 orba
814 1415 874 1455 sui
905 1414 975 1465 (cll
999 1416 1173 1467 4‚409,{
1201 1415 1281 1456 lssa
1313 1417 1374 1454 est
1402 1425 1565 1466 passere
1594 1414 1762 1466 nequior
1789 1412 1951 1463 Catulli)

266 1472 307 1507 et
333 1469 395 1519 44,
420 1467 468 1507 77
495 1468 649 1518 (Cauca
678 1470 841 1518 eborea)
870 1467 912 1508 Si
943 1469 1014 1508 tibi
1045 1469 1138 1509 talis
1167 1469 1242 1510 erit
1271 1468 1429 1521 qualem
1458 1467 1603 1508 dilecta
1633 1466 1789 1508 Catullo
1808 1464 1952 1507 Lesbia

264 1522 462 1574 plorabat,
492 1521 556 1561 hic
584 1521 763 1562 habitare
795 1525 941 1573 potest.
988 1522 1043 1570 cl'.
1071 1524 1295 1563 Poly-arcae
1324 1534 1385 1573 ep.
1413 1534 1506 1562 nar.
1526 1522 1582 1563 32
1610 1521 1680 1572 (cx
1703 1532 1815 1561 anno
1835 1520 1953 1572 1536)

258 1575 420 1627 p.4097
440 1575 501 1615 ed.
524 1575 641 1614 basil.
663 1589 701 1614 a.
721 1575 839 1615 4554:
870 1575 975 1627 apud
1005 1576 1202 1616 Catullum
1232 1575 1371 1616 Lesbia
1402 1574 1627 1615 meretricio
1656 1585 1788 1616 amore
1817 1573 1953 1615 saucia

264 1640 468 1682 passerem
499 1640 614 1669 suum
644 1628 758 1668 fleuit
787 1628 1019 1678 extinctum,
1047 1629 1102 1669 ita
1131 1634 1263 1670 tamen
1293 1633 1338 1669 ut
1367 1628 1572 1669 oculorum
1601 1628 1728 1669 aciem
1755 1626 1953 1681 perderet,

265 1694 346 1722 non
374 1686 419 1723 ut
448 1682 620 1722 animam
650 1682 852 1722 exhalaret

400 1735 431 1777 4
458 1736 735 1775 Inter-seitium
762 1738 889 1775 unius
915 1748 1062 1775 uersus
1091 1735 1141 1785 V,
1175 1735 1287 1786 quod
1319 1735 1441 1775 titulo
1470 1734 1526 1775 De
1564 1733 1756 1786 phaselm
1796 1732 1955 1785 (liter-al

264 1789 466 1841 phasello)
496 1789 682 1840 expleuit
704 1789 754 1829 G¹
782 1789 797 1842 ΙΙ
829 1792 846 1829 1
878 1788 1101 1839 Phasellus]
1130 1789 1142 1827 l
1172 1789 1304 1828 allora
1326 1802 1444 1828 erasa
1472 1791 1519 1828 in
1542 1788 1574 1828 G
1601 1787 1784 1828 Hasellus
1811 1786 1859 1838 (P
1888 1788 1954 1828 lit-

266 1846 356 1882 tera
395 1845 545 1883 omissa
575 1846 616 1881 et
641 1845 862 1882 minialori
888 1844 1123 1891 reseruata)
1156 1843 1187 1881 0
1221 1840 1417 1883 Phaselus
1451 1842 1595 1893 uulgo.
1651 1840 1707 1888 cf.
1727 1841 1954 1894 pat-odiam

265 1899 378 1935 inter
407 1897 615 1947 catalepta
647 1896 889 1947 vergiliana
926 1910 1003 1948 per
1042 1899 1174 1935 totum
1213 1908 1380 1935 cat-men
1416 1894 1739 1948 comparandam
1764 1890 1953 1936 ‘Sabinus

265 1949 348 1998 ille,
378 1962 497 2002 quem
526 1949 687 2000 uidetis,
715 1946 932 2002 hospites'.
968 1973 1022 1978 —
1057 1949 1161 1989 Ante
1191 1961 1286 2000 ergo
1316 1960 1476 1989 uersum
1505 1948 1714 1990 collocabo
1740 1947 1955 1989 iambicum

263 2000 476 2043 ‘Phaselus
505 2026 558 2032 —
586 1998 784 2055 hospites’
821 2003 1058 2043 Terentian.
1088 2002 1226 2042 Maur.
1253 2003 1359 2043 2276
1385 2004 1440 2052 (et
1474 2004 1640 2054 saepius
1675 2003 1722 2042 in
1749 2004 1958 2054 sequente·-

267 2058 370 2107 bas).
427 2056 652 2107 exemplum
674 2079 725 2085 —
746 2056 821 2096 erit
847 2052 1058 2096 ‘Phaselus
1080 2078 1130 2084 -
1150 2051 1348 2107 hospites’
1380 2056 1489 2095 Mar.
1525 2056 1730 2097 Victor-in.
1757 2067 1798 2105 p.
1817 2056 1894 2097 ⁴34
1910 2054 1954 2096 K.

265 2123 352 2160 sqq.
373 2109 443 2160 (cli
454 2122 498 2160 p.
514 2112 580 2158 65,
598 2111 664 2150 28.
684 2111 747 2159 84,
760 2111 796 2150 4.
817 2110 906 2158 462,
921 2112 973 2160 6).
1030 2113 1074 2149 ut
1103 2109 1159 2149 ait
1187 2109 1365 2148 Catullus
1385 2107 1566 2159 (Plautus
1586 2108 1720 2160 codd.)
1744 2103 1955 2150 ‘Phaselus

265 2186 321 2192 —
348 2156 560 2214 hospites'‘
578 2163 706 2203 schol.
743 2163 801 2201 ad
827 2163 992 2202 Lucani
1018 2164 1162 2203 Pltars.
1188 2165 1227 2210 5,
1254 2163 1332 2201 548
1353 2174 1398 2213 p.
1427 2164 1508 2203 389
1528 2162 1639 2203 aab.
1677 2173 1807 2215 neque
1846 2162 1956 2215 quis*

268 2228 389 2268 quam
417 2228 607 2268 umquam
636 2227 795 2256 uersum
825 2228 914 2257 esse
944 2216 1143 2257 dubitauit
1169 2210 1660 2269 ‘Pliaselus—hospites'
1689 2215 1958 2267 Augustinus

269 2271 318 2310 de
337 2282 441 2309 mus.
456 2272 496 2319 5,
511 2272 547 2320 4,
560 2272 599 2309 ὅ.
644 2270 762 2310 etiam
786 2270 905 2310 istum
923 2282 1080 2310 uersum
1097 2269 1236 2310 metire
1253 2301 1262 2310 .
1278 2299 1287 2310 .
1299 2298 1309 2310 .
1321 2298 1330 2310 .
1345 2264 1556 2310 ‘Phaselus
1571 2292 1622 2299 —
1636 2263 1835 2321 hospites'
1853 2269 1956 2309 ibid.

266 2326 307 2374 ὅ,
335 2326 372 2374 6,
398 2323 460 2364 Η.
515 2327 556 2363 et
582 2319 792 2363 ‘Phaselus
821 2346 874 2352 —
902 2318 1102 2374 hospites’
1133 2323 1301 2375 primum
1338 2322 1558 2363 membrum
1595 2322 1717 2363 habet
1752 2325 1828 2363 cet.
1854 2321 1957 2363 ibid.

266 2380 307 2427 5,
321 2379 360 2427 8,
376 2377 435 2418 46.
481 2375 537 2424 cf.
564 2377 673 2416 idem
700 2379 746 2416 in
766 2377 877 2427 Ang.
897 2377 1003 2417 Maii
1029 2379 1174 2428 script.
1188 2380 1270 2417 τιεί.
1288 2377 1444 2418 collect.
1461 2376 1664 2428 3,3,430.
1693 2388 1728 2419 c.
1741 2375 1802 2417 47.
1816 2376 1879 2417 18.
1894 2376 1956 2417 ⁴9.

266 2430 472 2471 trimetros
498 2430 695 2470 iambicus
722 2430 845 2471 latine
875 2430 1054 2471 senarius
1084 2429 1238 2479 dicitur,
1268 2429 1381 2471 cuius
1402 2429 1627 2482 exemplum
1643 2425 1854 2470 ‘Phaselus
1882 2428 1957 2481 (la-

270 2484 363 2524 talis
392 2484 482 2524 cod.
512 2484 777 2534 coloniensis)
805 2483 882 2524 iste
909 2486 986 2534 (sic
1016 2484 1267 2524 Censorinus
1293 2484 1420 2535 solas)
1449 2497 1487 2536 q.
1515 2496 1554 2524 u.
1580 2477 1777 2536 hospites'
1811 2482 1958 2523 Censo-

267 2540 391 2577 rinus
402 2550 444 2589 p.
460 2537 551 2587 612,
566 2537 616 2576 48
628 2536 670 2576 K.
718 2537 821 2577 sicut
848 2537 1044 2587 phasillus
1073 2537 1142 2577 ille
1162 2548 1280 2589 quem
1301 2537 1412 2577 aiunt
1440 2537 1594 2589 (agiunt
1614 2536 1745 2587 codd.)
1773 2538 1958 2577 auctores

271 2593 489 2640 (auctorem
511 2591 645 2642 codd.)
673 2601 762 2630 esse
784 2590 945 2630 nauium
967 2591 1214 2631 celerrimum
1234 2591 1473 2643 (Hauptius:
1504 2589 1744 2642 calaetarum
1765 2589 1835 2629 uel
1852 2589 1957 2630 cela-

270 2648 403 2684 turum
433 2644 580 2694 codd).
637 2655 756 2696 quem
791 2643 932 2684 habuit
961 2644 1109 2696 hospes
1139 2643 1323 2684 Serenus.
1378 2642 1542 2684 Iunilius
1580 2642 1678 2683 dicit
1713 2643 1839 2683 schol.
1869 2644 1958 2683 ber-

267 2700 415 2736 nensi’a
446 2697 503 2736 ad
530 2698 657 2748 Ver-g,
683 2708 832 2748 georg.
862 2699 898 2745 4,
914 2698 994 2738 289
1016 2711 1061 2749 p.
1080 2697 1151 2738 971
1170 2698 1325 2748 Hagen.
1355 2695 1362 2749 Ι
1398 2698 1421 2736 2
1449 2695 1572 2736 Aiunt
1603 2697 1648 2737 V
1708 2695 1957 2738 celerrimum

270 2749 518 2799 (celerimuni
551 2750 622 2802 0¹⁸)
651 2751 693 2791 V
715 2749 730 2803 ΙΙ
757 2753 779 2791 3
809 2749 918 2790 illius
951 2751 1020 2805 Vl
1057 2750 1178 2792 tardis
1210 2751 1255 2791 V
1271 2750 1286 2802 ΙΙ
1314 2752 1339 2790 4
1404 2761 1472 2802 eqs
1501 2760 1590 2790 esse
1611 2749 1656 2790 V
1716 2751 1874 2802 praeter
1899 2749 1957 2790 ire

269 2802 373 2843 Luc.
394 2803 569 2843 Mueller
595 2806 608 2857 ΙΙ
638 2804 724 2844 sine
746 2804 790 2843 V
810 2805 876 2896 275
906 2804 992 2844 sine
1033 2806 1059 2829 f
1077 2804 1091 2857 ΙΙ
1119 2806 1143 2845 ὃ
1171 2803 1221 2843 Et
1240 2803 1276 2843 h‘
1304 2804 1358 2853 (Ιι.
1376 2817 1407 2844 e.
1429 2803 1541 2854 haec,
1570 2801 1626 2851 cf.
1644 2815 1773 2855 supra
1793 2802 1851 2843 ad
1867 2802 1903 2852 Ι,
1915 2804 1956 2853 8)

274 2856 331 2895 0*
359 2859 374 2905 u
402 2856 583 2907 minacis]
613 2857 719 2897 mina
748 2856 784 2897 ei
878 2858 892 2909 ΙΙ
921 2860 942 2897 7
973 2858 1125 2898 insulas
1153 2868 1202 2897 ue
1232 2855 1405 2897 cicladas
1436 2856 1469 2896 G
1497 2856 1626 2897 insula
1654 2854 1868 2909 uegeladas
1899 2855 1957 2895 0*

315 2911 337 2950 8
359 2908 594 2950 Rhodumue
613 2934 662 2940 ——
677 2909 929 2951 horridamue
950 2925 985 2950 ω
1014 2909 1029 2964 ΙΙ
1058 2913 1222 2951 tractam
1245 2910 1290 2950 V
1307 2910 1322 2963 ΙΙ
1349 2913 1372 2951 9
1394 2909 1496 2949 sinii
1518 2909 1575 2948 0*
1601 2911 1617 2961 fl
1646 2911 1694 2951 10
1724 2907 1877 2950 Vbuste
1901 2908 1958 2949 0*

313 2962 534 3014 phasellus]
564 2963 577 3002 l
607 2965 741 3003 allona
770 2976 890 3003 crasa
919 2966 964 3003 in
996 2964 1041 3014 G,
1070 2963 1258 3016 phaselus
1285 2963 1417 3014 uulgo
1453 2961 1469 3014 fl
1507 2965 1552 3003 11
1585 2962 1686 3003 silua
1722 2964 1843 3014 prius
1877 2974 1957 3013 om,

265 3020 365 3068 post
391 3018 436 3055 in
457 3029 601 3111 guar-g.
632 3018 716 3057 add
735 3017 767 3056 0
794 3014 809 3067 ss
837 3017 1002 3057 citeorio
1027 3017 1059 3057 G
1088 3018 1246 3058 citeono
1270 3017 1325 3056 0*
1397 3017 1445 3057 13
1467 3015 1605 3056 citheri
1625 3016 1671 3057 V
1688 3015 1702 3068 {l
1733 3018 1781 3056 14
1809 3027 1958 3069 cogno-

272 3069 424 3110 tissima
580 3096 583 3098 -
