2040 3372
287 114 352 161 82
981 120 1045 170 68,
1075 119 1258 160 86-112

562 251 611 299 Si
644 251 776 300 miles
814 266 973 300 muros
1007 253 1117 300 isset
1149 253 1206 300 ad
1242 253 1419 302 iliacos:

487 318 604 366 Nam
639 325 739 366 tum
774 318 978 365 Helenae
1012 325 1148 380 raptu
1182 320 1411 381 primores
1446 321 1727 383 Argiuorum

565 385 792 447 Coeperat
825 386 880 432 ad
916 400 1017 432 sese
1053 386 1190 433 Troia
1225 387 1348 434 ciere
1379 387 1524 450 uiros,

490 451 626 499 Troia
663 453 829 513 (nefas)
866 466 1113 499 commune
1147 453 1412 515 sepulcrum
1437 455 1569 502 Asiae
1594 455 1916 518 Europaeque,

408 527 454 566 90
561 519 697 565 Troia
731 518 886 565 uirum
921 524 967 565 et
1000 519 1225 566 uirtutum
1261 521 1468 568 omnium
1504 521 1669 569 acerba
1703 522 1843 572 cinis:
1920 532 1972 571 50

491 585 678 641 Quaene
713 586 851 632 etiam
885 591 1048 632 nostro
1082 585 1226 633 letum
1261 587 1519 635 miserabile
1554 589 1691 637 fratri

562 651 738 699 Attulit.
809 651 849 698 ei
886 651 1054 699 misero
1089 653 1233 700 frater
1267 655 1478 717 adempte
1517 655 1644 713 mihi,

487 718 544 765 Ei
578 718 748 765 misero
783 718 914 765 fratri
948 718 1201 766 iocundum
1235 720 1393 768 lumen
1429 722 1708 784 ademptum,

561 785 734 832 Tecum
768 799 862 831 una
895 791 991 832 tota
1027 792 1097 833 est
1131 792 1288 834 nostra
1322 788 1503 849 sepulta
1537 790 1716 847 domus,

408 860 453 899 95
490 851 657 900 Omnia
690 857 845 899 tecum
879 866 973 899 una
1007 853 1250 914 perierunt
1284 854 1448 914 gaudia
1482 861 1655 914 nostra,
1806 899 1809 901 .
1921 860 1996 903 55·

561 918 691 973 Quae
723 925 832 966 tuus
866 919 915 966 in
951 919 1046 966 uita
1082 920 1230 968 dulcis
1265 920 1414 968 alebat
1448 935 1591 968 amor.

489 984 639 1040 Quem
674 1000 802 1033 nunc
836 993 930 1032 tam
963 985 1103 1047 longe
1138 1002 1234 1033 non
1271 987 1394 1034 inter
1427 994 1537 1035 nota
1571 987 1783 1050 sepulcra

559 1052 654 1099 Nec
688 1067 837 1114 prope
873 1059 1095 1114 cognatos
1130 1054 1439 1115 compositum
1474 1055 1659 1113 cineris,

488 1118 578 1166 Sed
613 1119 750 1166 Troia
787 1119 1002 1179 obscena,
1039 1120 1174 1168 Troia
1209 1121 1392 1168 infelice
1427 1122 1661 1184 sepultum

386 1191 453 1233 100
559 1186 743 1233 Detinet
778 1193 984 1234 extremo
1020 1193 1145 1234 terra
1179 1187 1325 1234 aliena
1359 1188 1474 1235 sole.
1921 1195 1972 1236 60

486 1253 554 1299 Ad
590 1267 728 1314 quam
762 1259 862 1300 tum
896 1267 1157 1316 properans
1191 1255 1340 1301 fertur
1373 1255 1512 1303 simul
1543 1255 1751 1318 undique
1785 1253 1933 1317 pubes

560 1319 733 1367 Graeca
767 1321 1018 1382 penetralis
1053 1321 1310 1368 deseruisse
1346 1321 1489 1380 focos,

486 1386 576 1433 Nee*
608 1386 735 1434 Paris
770 1386 966 1435 abducta
1001 1388 1187 1449 gauisus
1223 1387 1368 1435 libera
1403 1388 1597 1436 moecha

559 1452 663 1500 Otia
697 1460 860 1515 pacato
896 1455 1084 1516 degeret
1119 1455 1166 1502 in
1201 1455 1415 1502 thalamo.

384 1526 451 1567 105
489 1518 590 1575 Quo
624 1519 708 1566 tibi
742 1527 842 1567 tum
878 1535 1001 1578 casu,
1036 1521 1315 1583 pulcerrima
1350 1521 1613 1580 Laudamia,
1921 1527 1971 1568 65

557 1586 784 1648 Ereptum
819 1594 888 1635 est
922 1587 1017 1635 uita
1051 1588 1233 1636 dulcius
1268 1595 1407 1650 atque
1444 1589 1596 1635 anima

487 1651 786 1715 Coniugium:
822 1660 951 1701 tanto
986 1660 1032 1701 te
1069 1655 1325 1702 absorbens
1359 1656 1536 1702 uertice
1571 1655 1742 1703 amoris

555 1719 722 1768 Aestus
757 1720 804 1767 in
841 1721 1091 1782 abruptum
1126 1722 1351 1769 detulerat
1385 1721 1667 1779 barathrum,

486 1786 632 1843 Quale
665 1788 825 1834 ferunt
860 1787 966 1834 Grai
1001 1788 1234 1835 Pheneum
1268 1803 1415 1851 prope
1451 1789 1710 1851 cylleneum

384 1860 450 1901 110
557 1853 737 1902 Siccare
772 1855 946 1902 emulsa
979 1855 1154 1917 pingue
1189 1855 1357 1916 palude
1390 1856 1555 1914 solum,
1919 1862 1969 1903 70

487 1920 621 1976 Quod
659 1922 892 1982 quondam
929 1922 1073 1969 caesis
1108 1923 1281 1969 montis
1316 1922 1486 1970 fodisse
1519 1920 1730 1970 medullis

556 1987 697 2035 Audit
730 1988 1002 2050 falsiparens
1036 1988 1479 2051 Amphitryoniades,

418 2107 468 2147 86
498 2105 673 2158 Similles
705 2105 763 2145 G*
801 2104 816 2159 11
849 2106 1004 2158 yliacos
1036 2106 1081 2146 V
1106 2105 1120 2159 11
1159 2108 1207 2146 87
1238 2118 1328 2146 cum
1361 2105 1417 2145 0*
1451 2104 1465 2158 11
1504 2108 1554 2146 90
1585 2103 1726 2144 acerba
1762 2103 1876 2153 cinis]
1905 2103 1962 2151 el'.

281 2159 448 2199 Nonius
465 2159 541 2198 498
566 2155 709 2198 ‘einis'
742 2159 933 2200 feminino
963 2159 1067 2210 apud
1088 2160 1296 2199 Caesarem
1326 2162 1365 2199 et
1385 2159 1584 2198 Catullum
1612 2155 1811 2209 (Catulum
1848 2158 1963 2207 libri)

283 2218 325 2253 et
352 2213 518 2253 Caluum
555 2212 704 2252 lectum
733 2215 815 2262 est,
856 2225 1024 2264 quorum
1063 2213 1228 2253 uacillat
1263 2213 1492 2253 auctoritas.
1548 2211 1601 2259 el:
1631 2212 1757 2250 etiam
1783 2210 1869 2260 401,
1895 2213 1919 2250 4
1945 2209 1961 2265 11

284 2269 332 2308 91
365 2265 527 2313 Quaene
557 2266 678 2305 etiam
707 2267 926 2305 Heinsius.-
968 2265 1054 2313 Que
1090 2269 1202 2306 uetet
1239 2266 1279 2306 id
1308 2267 1351 2306 V
1373 2265 1496 2314 Quae,
1525 2277 1614 2316 uae,
1642 2264 1761 2304 etiam
1792 2277 1827 2302 ω
1855 2262 1958 2310 Quin

284 2321 405 2360 etiam
433 2319 474 2359 id
502 2319 736 2358 Huschylcius
764 2318 873 2366 Quae
903 2321 991 2370 (uae
1020 2321 1074 2370 te)
1096 2320 1287 2370 Scaliger
1315 2319 1425 2366 Quae
1450 2319 1516 2359 uel
1537 2319 1594 2359 sic
1613 2316 1822 2367 Bergkius
1848 2316 1960 2364 Quae

285 2373 398 2414 uelut
440 2373 480 2412 id
512 2373 718 2424 Coningto
760 2371 775 2426 11
815 2373 935 2412 frater
974 2374 1019 2414 V
1048 2374 1120 2424 [Λ,
1151 2374 1270 2413 frater
1299 2373 1348 2412 al’
1385 2372 1495 2412 fratri
1522 2373 1558 2411 B
1609 2371 1719 2411 fratri
1760 2370 1962 2420 ACDHL}

280 2426 295 2481 11
324 2429 375 2468 92
404 2426 439 2466 ei
462 2427 518 2466 0*
539 2427 628 2476 [D]:
658 2427 722 2466 hei
746 2427 778 2466 G
805 2424 819 2479 11
848 2427 1011 2475 frateter
1038 2427 1209 2475 (lineola
1228 2428 1431 2466 subducta
1453 2439 1549 2466 corr
1571 2425 1640 2476 G1)
1661 2425 1693 2465 G
1712 2423 1795 2479 1193
1814 2436 1962 2463 uersus

281 2485 521 2532 suspectus:
546 2484 714 2532 poetam
740 2492 909 2519 uersum
936 2483 1022 2531 68¹²,
1048 2481 1098 2519 24
1130 2482 1168 2520 lz.
1197 2482 1221 2520 l.
1250 2484 1424 2519 iterasse
1453 2481 1548 2518 ueri
1573 2479 1708 2517 simile
1734 2481 1806 2517 est.
1854 2479 1960 2518 93-

282 2536 333 2575 96
364 2534 432 2573 del
457 2534 752 2573 Froelzliclzius
777 2533 789 2584 11
820 2533 891 2572 Hei
922 2534 966 2573 V
985 2533 1000 2586 11
1028 2534 1322 2585 iocundumque
1353 2533 1410 2572 0*
1438 2533 1452 2584 11
1478 2532 1614 2572 limine
1645 2531 1703 2571 Ο*
1728 2530 1742 2582 11
1770 2529 1960 2581 adeptum

285 2587 352 2628 V*
381 2587 626 2639 [ademptum
647 2588 827 2639 plurimi
854 2589 966 2636 bom]
996 2586 1011 2638 11
1038 2589 1085 2627 97
1117 2586 1201 2633 Que
1233 2589 1278 2628 V
1309 2585 1324 2639 11
1364 2586 1568 2636 sepulcrea
1598 2586 1636 2634 (e
1666 2584 1733 2624 del
1761 2583 1827 2633 G¹)
1859 2583 1917 2623 G*
1947 2582 1962 2635 11

285 2644 356 2682 101
390 2648 502 2681 tuum
535 2641 594 2680 G*
622 2641 635 2692 11
663 2641 781 2681 simul
810 2641 895 2679 add
923 2655 979 2679 co.-
1009 2653 1074 2679 om
1102 2643 1332 2680 interstitio
1359 2652 1445 2679 non
1472 2640 1619 2678 relicto
1641 2638 1685 2678 V
1706 2639 1848 2677 cuncta
1877 2637 1963 2677 add

280 2695 576 2734 Froehlz'chius
601 2693 616 2747 11
643 2706 771 2745 pupes
802 2694 859 2732 O*
885 2693 900 2743 11
930 2696 1003 2734 102
1033 2694 1148 2734 Graia
1176 2694 1276 2734 Luc.
1292 2693 1465 2733 Mueller
1485 2691 1501 2745 11
1529 2692 1664 2732 foccos
1687 2692 1741 2731 0*
1757 2689 1771 2744 11
1793 2692 1869 2731 103
1883 2690 1959 2730 Nei

281 2749 581 2787 Baehrensius:
609 2747 693 2787 Nec
717 2748 747 2787 0
776 2749 832 2796 [et
855 2747 1034 2797 plurimi
1053 2749 1164 2796 bom]
1194 2747 1253 2787 Ne
1276 2747 1309 2786 G
1335 2746 1349 2798 11
1376 2758 1467 2798 pars
1491 2745 1546 2784 0*
1571 2745 1586 2796 11
1613 2746 1751 2785 mecha
1775 2743 1820 2783 V
1837 2745 1852 2796 11
1882 2746 1959 2785 104

283 2801 375 2840 Ocia
407 2801 439 2840 G
469 2800 579 2840 Octia
604 2801 661 2840 0*
702 2801 715 2852 11
755 2804 922 2852 paccato
955 2801 1010 2839 O*
1036 2800 1052 2851 11
1083 2803 1156 2841 105
1186 2800 1300 2847 Quod
1331 2799 1409 2851 Vl}
1436 2810 1525 2839 cum
1557 2798 1614 2838 G*
1642 2798 1656 2850 11
1683 2789 1869 2851 pulc‘ima
1901 2796 1956 2836 θ*

282 2853 529 2905 pulcherima
562 2854 596 2894 G
634 2855 649 2906 11
689 2854 887 2894 laudomia
919 2854 967 2902 V,
1003 2853 1058 2901 cll
1087 2867 1128 2894 u.
1157 2854 1204 2893 74
1238 2853 1252 2907 11
1292 2855 1365 2894 108
1401 2853 1614 2902 abruptum
1652 2853 1751 2903 (pro
1779 2853 1806 2892 b
1834 2854 1958 2890 antea

280 2906 427 2954 fuerat
452 2920 482 2956 r,
517 2909 590 2947 sed
613 2921 678 2959 pr.
706 2920 759 2949 m.
787 2909 879 2958 ipsa
909 2910 1020 2958 corr)
1052 2907 1084 2946 G
1116 2906 1131 2959 11
1172 2907 1377 2959 depulerat
1405 2907 1596 2944 Heinsius
1636 2905 1650 2957 11
1691 2906 1890 2945 baratrum
1920 2903 1966 2943 V

281 2961 295 3012 11
328 2963 401 3001 109
432 2961 590 3011 fuerunt
617 2962 658 3010 (u
681 2963 868 3011 priorem
897 2963 1107 3011 ewpunoeit
1137 2961 1204 3010 (2¹)
1236 2960 1293 2999 G*
1321 2957 1335 3009 11
1371 2971 1542 3011 peneum
1572 2959 1616 2998 V
1636 2958 1651 3011 11
1679 2958 1891 2998 cilleneum
1919 2957 1959 2997 V

281 3015 296 3064 11
328 3016 403 3054 110
433 3014 588 3054 Siccare
619 3015 850 3053 Schrader:
894 3014 1041 3053 Siccari
1073 3014 1106 3053 G
1134 3013 1259 3053 Sicari
1291 3012 1347 3051 O*
1387 3011 1402 3074 11
1447 3015 1522 3053 112
1552 3011 1674 3052 Audit
1701 3006 1958 3052 Palmerz‘us:

279 3067 414 3107 Audet
444 3069 482 3108 V
519 3067 673 3108 Gaudet
708 3067 885 3108 Wez'sius
912 3067 925 3120 ss
954 3067 1132 3120 amphi(y
1164 3066 1420 3120 G)trioniadls
1448 3066 1487 3107 V
