2040 3372
824 123 889 170 64,
918 122 1129 162 141—164
1738 119 1802 164 61

262 258 350 305 Sed
387 255 618 303 connubia
651 255 782 311 laeta,
817 255 898 302 sed
933 262 1114 316 optatos
1148 255 1448 316 hymenaeos:

263 324 391 378 Quae
427 328 593 369 cuncta
629 322 739 368 aerii
774 321 1039 383 discerpunt
1072 321 1200 367 irrita
1234 320 1378 366 uenti.

264 390 398 437 Nunc
430 389 521 435 iam
556 388 681 435 nulla
715 388 817 434 uiro
853 388 1024 435 iuranti
1061 387 1227 433 femina
1264 386 1435 443 credat,

263 456 394 502 Nulla
429 455 519 501 uiri
552 462 709 515 speret
741 469 979 502 sermones
1015 469 1115 501 esse
1150 453 1330 500 fideles:

164 530 229 569 145
263 522 376 577 Quis
411 521 521 568 dum
555 521 724 581 aliquid
759 521 953 582 cupiens
987 521 1167 567 animus
1200 519 1450 581 praegestit
1482 519 1639 581 apisci,

261 589 335 635 Nil
371 595 583 634 metuunt
617 588 785 644 iurare,
822 588 937 634 nihil
972 587 1242 648 promittere
1278 593 1499 646 parcunt:

263 654 354 702 Sed
389 654 525 701 simul
561 668 614 701 ac
649 654 840 715 cupidae
875 654 1044 700 mentis
1079 654 1238 700 satiata
1271 652 1413 699 libido
1449 660 1532 711 est,

262 721 392 768 Dicta
429 720 543 767 nibil
578 723 842 777 meminere,
880 720 994 766 nihil
1028 720 1229 781 periuria
1266 726 1443 766 curant.

264 787 396 835 Certe
433 801 518 848 ego
554 794 599 833 te
634 787 682 833 in
718 787 869 833 medio
905 794 1167 834 uersantem
1201 785 1388 832 turbine
1423 786 1502 832 leti

165 861 232 900 150
265 853 426 914 Eripui
462 862 508 899 et
543 854 696 915 potius
730 867 1002 914 germanum
1038 853 1247 899 amittere
1282 852 1407 898 creui

263 921 411 975 Quam
445 920 527 966 tibi
563 921 710 966 fallaci
745 935 961 981 supremo
999 921 1043 965 in
1081 928 1290 980 tempore
1325 920 1555 966 deessem:

263 987 354 1033 Pro
391 1001 482 1047 quo
519 986 809 1033 dilaceranda
845 987 954 1033 feris
987 985 1132 1032 dabor
1166 985 1440 1046 alitibusque

263 1053 436 1100 Praeda
474 1067 626 1114 neque
662 1054 832 1099 iniacta
866 1052 1130 1099 tumulabor
1164 1059 1344 1098 mortua
1379 1059 1516 1098 terra.

263 1119 502 1175 Quaenam
535 1127 580 1165 te
615 1120 776 1180 genuit
809 1119 903 1166 sola
938 1119 1023 1165 sub
1059 1133 1175 1179 rupe
1210 1118 1384 1174 leaena,

166 1194 231 1232 155
264 1185 400 1240 Quod
434 1200 559 1232 mare
595 1193 870 1247 conceptum
908 1185 1230 1247 spumantibus
1266 1185 1424 1246 expuit
1460 1184 1609 1242 undis,

265 1252 394 1306 Quae
430 1252 591 1314 Syrtis,
628 1267 745 1312 quae
782 1253 928 1314 Scylla
965 1266 1118 1313 rapax,
1161 1265 1278 1311 quae
1313 1259 1440 1298 uasta
1476 1250 1742 1313 Charybdis,

262 1318 387 1365 Talia
425 1319 503 1380 qui
538 1318 692 1365 reddis
727 1334 812 1380 pro
848 1319 970 1365 dulci
1004 1318 1207 1379 praemia
1243 1317 1367 1364 uita?

265 1384 314 1431 Si
347 1384 431 1432 tibi
468 1400 564 1432 non
601 1386 728 1432 cordi
762 1387 947 1432 fuerant
981 1384 1215 1432 connubia
1250 1392 1423 1438 nostra,

266 1451 414 1499 Saeua
450 1452 574 1512 quod
608 1451 831 1499 horrebas
865 1453 1004 1513 prisci
1043 1458 1286 1513 praecepta
1321 1451 1540 1512 parentis,

168 1526 233 1565 160
266 1517 325 1564 At
358 1525 509 1564 tamen
546 1519 592 1565 in
630 1526 807 1565 uestras
842 1519 1031 1579 potuisti
1068 1518 1238 1564 ducere
1273 1518 1403 1565 sedes

267 1584 394 1639 Quae
428 1584 512 1631 tibi
546 1585 747 1632 iocundo
783 1586 1031 1631 famularer
1064 1599 1197 1631 serua
1234 1584 1391 1631 labore

267 1651 467 1698 Candida
503 1652 800 1712 permulcens
835 1652 1019 1712 liquidis
1055 1652 1246 1712 uestigia
1281 1651 1480 1713 lymphis

265 1717 565 1779 Purpureaue
598 1725 731 1765 tuum
768 1725 1075 1765 consternens
1109 1726 1238 1764 ueste
1273 1717 1440 1764 cubile.

267 1783 356 1830 Sed
394 1785 503 1845 quid
539 1799 625 1846 ego
661 1785 833 1845 ignaris
869 1785 1172 1846 nequicquam
1212 1799 1472 1845 conqueror
1507 1786 1660 1830 aureis

274 1956 348 1995 142
377 1954 607 2006 disserpunt
637 1955 670 1994 G
706 1954 942 2005 desserpunt
974 1955 1029 1994 Ο*
1068 1957 1083 2009 ΙΙ
1127 1958 1202 1996 143
1238 1954 1339 1994 Tum
1369 1954 1419 2004 V,
1457 1967 1554 1993 corr
1584 1954 1809 1994 Guarinus,

135 2008 217 2048 Iam
253 2008 331 2046 iam
371 2022 420 2047 ω.
449 2007 505 2055 esi
539 2008 681 2047 Ouidii
716 2008 851 2046 locum
891 2020 1019 2058 supra
1059 2010 1115 2048 ad
1149 2022 1190 2047 u.
1220 2009 1313 2048 452.
1370 2009 1565 2046 Ieremias
1603 2007 1734 2045 iudea:
1762 2006 1811 2044 de

136 2061 420 2111 Montagnone
446 2061 671 2100 Paduanus
706 2062 949 2111 compendio
984 2063 1208 2101 moralium
1247 2063 1547 2100 auctoritatum
1571 2064 1684 2110 part.
1715 2069 1811 2108 IIII,

139 2115 269 2154 libr-‚1⁷
284 2115 447 2154 Catulus
464 2127 496 2154 c.
513 2116 536 2155 8
552 2114 671 2154 Nulla
691 2115 836 2154 uiro—
857 2115 964 2164 (148)
985 2116 1154 2165 periuria
1171 2118 1309 2155 curant
1330 2115 1335 2166 1
1352 2116 1427 2154 144
1443 2114 1538 2153 uiris
1552 2115 1814 2153 Passeratius

136 2170 150 2220 n
177 2179 384 2207 sermonee
416 2168 460 2215 0,
490 2180 587 2206 corr
612 2171 705 2218 ipsa
732 2180 785 2208 m.
811 2180 876 2218 pr.
913 2170 926 2219 ΙΙ
970 2167 1061 2208 fid'l’
1093 2169 1150 2207 0*
1177 2171 1218 2217 (i.
1252 2182 1283 2208 e.
1344 2167 1456 2217 delis,
1485 2169 1584 2206 item
1611 2169 1814 2218 scriptum

137 2223 200 2270 43,
217 2221 290 2271 23)
308 2220 323 2271 ΙΙ
345 2223 418 2262 145
449 2221 642 2272 pregestit
670 2220 795 2272 apisci
818 2221 850 2260 G
878 2222 966 2269 (sed
990 2234 1032 2261 re
1061 2226 1102 2261 et
1128 2235 1149 2262 a
1178 2223 1348 2272 scripsit
1369 2233 1414 2271 g,
1441 2220 1587 2267 fuerat
1613 2234 1639 2260 a
1666 2233 1719 2260 m.
1742 2233 1811 2271 pr.

138 2285 317 2337 adipisci.
370 2287 473 2338 quid
494 2299 574 2337 pro
603 2299 645 2326 re
673 2286 809 2334 fuerit
836 2288 1027 2338 dignosci
1053 2301 1138 2327 non
1162 2291 1317 2340 potest,
1343 2287 1524 2334 fortasse
1552 2289 1607 2338 er)
1636 2286 1814 2338 p9gestit

139 2339 305 2390 adipisci
333 2340 510 2389 (litteras
529 2340 569 2378 di
589 2343 824 2391 suppunoeit
841 2345 880 2380 ei
896 2344 1191 2392 superscripsit
1218 2354 1289 2393 pro
1311 2341 1479 2392 adipisci
1498 2353 1645 2379 manus
1665 2342 1813 2389 altera)

142 2392 259 2440 0(οῇ
274 2393 330 2432 ad
341 2394 478 2443 64,M)
506 2394 703 2444 pregessit
721 2394 845 2445 apisci
866 2395 1018 2445 (aspici)
1034 2396 1229 2434 Ieremias
1245 2397 1258 2446 ΙΙ
1283 2396 1359 2435 146
1379 2394 1500 2433 nichil
1519 2393 1615 2433 Gnl'
1636 2394 1668 2433 0
1695 2395 1707 2444 Η
1737 2396 1811 2434 147

139 2445 287 2486 saciata
320 2447 364 2486 V
383 2447 579 2485 Ieremias
605 2445 618 2499 ΙΙ
649 2449 724 2487 148
743 2447 864 2486 nichil
896 2447 927 2487 G
956 2448 1153 2487 Ieremias
1182 2447 1227 2487 n¹'
1252 2448 1283 2487 0
1310 2448 1323 2500 ΙΙ
1351 2451 1528 2487 metuere
1550 2447 1594 2486 V
1606 2448 1816 2497 Ieremias,

141 2511 238 2538 corr
264 2500 343 2538 Iul.
377 2499 587 2539 Czwalina
617 2498 631 2552 ΙΙ
661 2500 781 2540 nichil
811 2501 856 2540 V
876 2502 1072 2540 Ieremias
1100 2502 1113 2553 11
1144 2504 1218 2543 149
1246 2502 1342 2541 lecti
1374 2501 1430 2540 O*
1462 2501 1556 2541 tecti
1585 2501 1775 2540 Suessius
1801 2500 1816 2553 ῃ

143 2566 218 2604 150
253 2566 395 2617 pocius
431 2564 527 2616 (po9
560 2566 604 2616 0,
631 2568 730 2604 item
758 2567 901 2616 400,5)
929 2567 969 2606 V
993 2567 1007 2620 ΙΙ
1042 2571 1111 2610 151
1142 2568 1260 2608 salaci
1290 2569 1401 2618 (corr
1418 2570 1465 2618 g)
1490 2567 1547 2607 G*
1565 2568 1581 2619 ΙΙ
1598 2578 1814 2617 suppremo

144 2631 188 2671 V
206 2629 220 2681 ΙΙ
247 2630 364 2671 ᾱᾶῐῐι
392 2633 423 2671 0
451 2632 622 2680 [dessem
652 2633 710 2682 H]
751 2633 765 2684 ΙΙ
806 2635 881 2673 152
910 2633 1136 2686 altibusque
1164 2635 1278 2684 (corr
1301 2635 1348 2684 g)
1380 2634 1436 2673 G*
1463 2634 1478 2685 ΙΙ
1518 2635 1591 2675 153
1619 2630 1726 2674 P9ea
1759 2634 1815 2673 0*

141 2685 327 2734 (proprie
356 2689 424 2724 est·
442 2684 540 2725 Post
569 2697 628 2736 ea,
656 2687 730 2724 sed
756 2685 811 2733 ef.
842 2687 898 2725 ad
921 2689 981 2735 64,
1001 2687 1064 2737 Η)
1091 2688 1104 2739 ΙΙ
1131 2687 1279 2727 intacta
1313 2687 1344 2725 0
1369 2692 1386 2725 ῖ
1414 2690 1519 2726 tacta
1552 2687 1585 2726 G
1612 2687 1755 2727 iniecta
1780 2702 1815 2727 ω

140 2738 156 2786 ΙΙ
188 2739 263 2777 156
281 2737 394 2777 sirtix
416 2739 472 2777 0*
498 2739 512 2790 ss
542 2739 655 2779 scilla
687 2739 718 2778 0
747 2740 837 2779 silla
870 2739 903 2778 G
929 2740 944 2791 ΙΙ
970 2752 1138 2792 rapaxqs
1161 2742 1192 2780 0
1217 2740 1230 2790 ΙΙ
1263 2740 1432 2780 caribdis
1456 2741 1501 2780 V
1518 2739 1531 2792 ss
1560 2744 1633 2781 157
1655 2739 1815 2793 Taliaqs

142 2789 248 2829 redis
280 2790 337 2829 0*
362 2791 378 2843 ss
407 2794 485 2832 159
512 2793 660 2844 penitis
683 2793 739 2831 O*
764 2793 780 2842 ΙΙ
811 2794 884 2834 160
914 2797 1071 2834 nostras
1095 2794 1151 2833 0*
1176 2794 1191 2846 ss
1224 2796 1298 2835 163
1322 2798 1422 2844 post
1452 2795 1526 2833 160
1554 2797 1743 2845 sequitur
1769 2798 1816 2832 in

145 2842 201 2881 0*
229 2843 243 2893 ΙΙ
270 2842 470 2895 Purpurea
500 2858 550 2884 ue
583 2847 627 2886 V
644 2845 658 2897 ΙΙ
687 2845 831 2896 cubille
860 2848 1110 2896 (suppunoeit
1135 2860 1188 2887 m.
1216 2850 1296 2897 pr.)
1319 2847 1375 2885 O*
1404 2847 1417 2898 ΙΙ
1446 2849 1523 2888 164
1552 2846 1592 2886 Si
1625 2847 1720 2898 quid
1741 2847 1816 2898 V*,

142 2908 197 2934 eoe
225 2895 268 2935 Si
294 2895 400 2943 fecit
426 2897 471 2937 Sa
500 2900 566 2947 (=
596 2898 690 2949 Sed)
714 2912 746 2949 g
775 2899 869 2947 [Sed
909 2899 1004 2949 quid
1033 2904 1172 2949 ceteri]
1214 2900 1230 2953 ΙΙ
1271 2912 1344 2939 nec
1382 2900 1593 2952 quicquam
1626 2901 1699 2941 V*
1734 2904 1818 2950 [ne-

145 2949 356 3000 quicquam
382 2951 586 3002 plerique]
616 2951 631 3003 ss
657 2965 875 3004 conquerar
905 2953 943 2992 V
967 2952 983 3005 ΙΙ
1011 2965 1125 2993 aures
1149 2955 1193 2993 V
1213 2954 1325 3003 (inde
1353 2954 1457 2993 auris
1486 2966 1584 2993 corr
1610 2958 1656 2993 in
1678 2954 1723 3005 G,
1751 2955 1815 2992 in-

143 3005 300 3093 cBertzcm
328 3008 471 3067 uirum
500 3018 525 3043 a
557 3005 608 3044 G¹
637 3018 691 3045 an
721 3019 747 3044 a
771 3018 815 3056 g,
845 3008 921 3045 lzoc
948 3009 1043 3045 ueri
1069 3008 1247 3046 similius
1274 3008 1378 3046 milei
1404 3007 1656 3059 uidebatur).
1686 3009 1815 3048 aureis

181 3067 230 3093 ae
259 3068 421 3095 renszus
