2040 3372
239 88 267 132 8
919 91 955 139 8,
989 91 1156 141 16-10,
1189 94 1232 131 11

443 222 556 279 Quis
592 237 719 270 nunc
755 233 799 271 te
836 223 1010 272 adibit?
1048 226 1121 273 cui
1157 226 1388 275 uideberis
1425 227 1578 275 bella?

442 290 590 345 Quem
628 305 754 337 nunc
790 289 999 338 amabis?
1035 292 1165 340 cuius
1201 308 1300 341 esse
1335 294 1534 343 diceris?

443 356 590 411 Quem
627 356 858 405 basiahis?
895 358 969 405 cui
1005 359 1167 406 labella
1203 360 1468 410 mordebis?

440 424 498 470 At
532 430 596 481 tu,
634 423 821 482 Catulle,
858 425 1111 473 destinatus
1148 426 1337 474 obdura.

239 594 271 648 9
442 593 632 654 Verani,
672 597 885 644 omnibus
921 613 945 644 e
980 598 1094 646 meis
1129 600 1286 647 amicis

443 663 677 711 Antistans
712 664 823 710 mihi
858 664 1043 712 milibus
1078 667 1311 723 trecentis,

443 729 682 777 Venistine
719 731 904 778 domum
942 732 996 778 ad
1033 738 1137 779 tuos
1172 740 1364 794 penates

443 796 720 857 Fratresque
756 797 998 845 unanimos
1032 813 1265 860 anumque
1301 800 1530 848 matrem?

388 871 409 909 5
447 863 633 910 Venisti.
706 879 731 910 o
768 864 879 910 mihi
917 865 1069 912 nuntii
1106 865 1250 912 beatil

445 929 595 976 Visam
633 937 677 977 te
714 931 994 978 incolumem
1031 932 1305 993 audiamque
1341 934 1564 982 Hiberum

444 996 716 1044 Narrantem
754 998 854 1044 loca
890 999 1007 1045 facta
1046 999 1269 1056 nationes,

443 1062 498 1109 Vt
534 1078 634 1111 mos
670 1070 739 1111 est
774 1070 895 1123 tuus,
933 1065 1261 1126 applicansque
1299 1066 1467 1113 collum

445 1129 702 1177 Iocundum
741 1147 791 1178 os
828 1132 1079 1192 oculosque
1115 1133 1369 1180 suauiabor.

366 1203 409 1243 10
446 1195 483 1243 O
523 1204 747 1257 quantum
785 1205 852 1246 est
886 1198 1127 1245 hominum
1163 1199 1434 1258 beatiorum,

445 1263 564 1318 Quid
602 1279 676 1311 me
713 1265 877 1312 laetius
915 1272 983 1312 est
1018 1264 1290 1313 beatiusue?

244 1449 310 1502 10
445 1448 603 1502 Varus
639 1465 711 1498 me
748 1466 878 1499 meus
915 1452 969 1499 ad
1005 1467 1114 1499 suos
1149 1467 1327 1500 amores

447 1518 604 1565 Visum
640 1519 834 1566 duxerat
870 1534 893 1566 e
930 1520 1030 1566 foro
1069 1519 1281 1578 otiosum,

447 1584 726 1644 Scortillum,
763 1592 815 1632 ut
848 1586 960 1632 mihi
996 1592 1110 1633 tunc
1145 1594 1338 1648 repente
1373 1587 1524 1634 uisum
1562 1595 1645 1647 est,

446 1651 548 1698 Non
587 1666 697 1699 sane
733 1652 969 1713 illepidum
1007 1668 1159 1715 neque
1194 1654 1511 1702 inuenustum.

389 1727 411 1764 5
446 1718 548 1765 Huc
583 1726 635 1766 ut
668 1719 898 1777 uenimus,
936 1719 1141 1767 incidere
1178 1720 1313 1768 nobis

448 1786 696 1833 Sermones
731 1786 861 1843 uarii,
898 1786 946 1833 in
985 1786 1169 1848 quibus,
1205 1787 1315 1848 quid
1351 1794 1471 1834 esset

447 1852 541 1899 Iam
579 1852 806 1915 Bithynia,
846 1868 937 1914 quo
974 1854 1112 1900 modo
1149 1869 1196 1901 se
1231 1853 1436 1912 haberet,

449 1919 715 1979 Ecquonam
751 1920 862 1966 mihi
899 1920 1150 1981 profuisset
1184 1935 1306 1968 aere.
1445 1975 1449 1980 ,

446 1985 682 2047 Respondi
723 1986 767 2032 id
804 1986 925 2046 quod
965 1993 1076 2044 erat,
1114 1987 1228 2034 nihil
1266 2001 1419 2048 neque
1456 1988 1568 2050 ipsis

375 2059 417 2098 10
452 2052 547 2098 Nec
582 2053 875 2114 praetoribus
911 2067 1011 2100 esse
1048 2067 1134 2099 nec
1171 2054 1349 2100 cohorti

367 2175 372 2179 ,
451 2118 543 2165 Cur
578 2120 819 2180 quisquam
856 2127 993 2181 caput
1029 2121 1215 2167 unctius
1251 2121 1459 2176 referret,

249 2239 332 2275 tor:
361 2247 411 2276 ne
440 2239 479 2276 te
507 2240 531 2290 (ἶ
557 2237 590 2277 G
619 2249 668 2277 ne
689 2240 774 2289 teqs
793 2238 824 2276 0
852 2237 973 2287 nulla,
995 2236 1186 2288 Scelesta,
1215 2241 1332 2278 nocte
1353 2237 1516 2278 Statius
1535 2238 1685 2277 nullam
1702 2260 1754 2267 —
1773 2242 1933 2278 noctem

251 2290 422 2330 Vossius
452 2303 554 2342 quae
583 2295 636 2340 te,
664 2303 738 2331 uae
759 2291 845 2342 tibi,
873 2291 1166 2331 Froelzliclzius
1192 2292 1206 2345 ΙΙ
1237 2293 1285 2332 16
1314 2291 1467 2331 adbibit
1490 2289 1544 2330 0*
1567 2291 1584 2343 ΙΙ
1615 2294 1663 2333 18
1692 2291 1770 2341 cui]
1799 2297 1846 2332 cu
1877 2291 1935 2331 0*

381 2342 409 2384 9
438 2345 716 2383 Inter-stiuam
746 2345 796 2384 V.
852 2346 1020 2384 titulum
1048 2344 1109 2384 Ad
1142 2344 1380 2385 Verannium
1412 2347 1592 2384 inseruit
1614 2357 1647 2396 g
1681 2343 1694 2396 ΙΙ
1736 2348 1753 2386 1
1787 2344 1933 2385 Verani

247 2395 434 2436 Ramler:
465 2397 638 2438 Veranni
668 2398 713 2437 V
748 2397 762 2448 Η
796 2410 817 2437 e
846 2410 911 2437 om
942 2398 999 2437 0*
1027 2410 1050 2437 o
1082 2398 1360 2438 Baehreusius
1388 2401 1451 2447 [ex
1488 2398 1674 2439 omnibus
1707 2399 1807 2439 meis
1843 2399 1935 2448 AL}

247 2449 261 2501 ΙΙ
292 2451 314 2488 2
344 2449 551 2491 Antistans
582 2465 636 2490 w:
666 2451 844 2491 Antistas
875 2452 910 2491 V
939 2452 952 2501 ΙΙ
981 2452 1156 2491 millibus
1179 2451 1237 2491 G*
1263 2451 1271 2504 Ι
1306 2454 1330 2492 4
1358 2465 1437 2492 uno
1467 2451 1598 2492 animo
1630 2453 1675 2493 V
1691 2451 1707 2504 ll
1733 2463 1933 2504 anumque

247 2503 461 2544 Faernus:
502 2516 719 2566 sanamque
752 2504 782 2543 0
811 2505 1008 2567 [ABAPQ
1029 2516 1223 2556 suamque
1318 2505 1491 2567 [opHL]
1519 2518 1607 2545 sscr
1635 2505 1682 2545 al'
1711 2517 1849 2546 sanam
1881 2504 1934 2545 G*

251 2558 783 2653 ⁵⁰¹¹⁹¹¹¹16²0¹¹2122¹L¹3¹b⁰¹2122
802 2558 1587 2664 '22333233‘02221'0232&flattu-¹55,
1617 2611 1661 2651 V
1679 2611 1694 2666 ῃ
1722 2622 1834 2651 mens
1864 2611 1934 2652 V*

251 2675 346 2702 corr·
381 2666 426 2702 in
462 2676 573 2704 meus
597 2677 641 2715 g,
678 2676 767 2703 aser
802 2675 915 2704 meus
945 2664 992 2704 G¹
1023 2664 1037 2716 11
1068 2666 1090 2704 2
1119 2666 1298 2705 ociosum
1331 2665 1363 2704 G
1392 2665 1595 2705 occiosum
1627 2665 1680 2703 O*
1710 2667 1724 2715 ΙΙ
1751 2667 1774 2706 3
1804 2669 1871 2705 tue
1902 2665 1936 2705 0

251 2715 394 2764 [Laur.
422 2719 490 2767 55,
519 2718 607 2767 42J:
646 2720 687 2757 tu
720 2717 752 2757 G
787 2720 846 2765 [ut
876 2721 968 2757 tunc
997 2719 1092 2758 mihi
1120 2719 1210 2767 AL]
1248 2717 1255 2771 Ι
1300 2720 1324 2758 4
1351 2717 1554 2768 nlepidum
1587 2718 1619 2758 G
1648 2731 1744 2758 corr
1771 2720 1817 2757 in
1845 2718 1933 2758 ille-

250 2768 429 2820 pidumg
456 2771 468 2822 Η
498 2775 518 2811 7
549 2771 628 2811 lam
657 2771 824 2811 bithinia
846 2770 898 2810 G:
927 2771 1156 2811 Iarbithinia
1176 2772 1230 2811 0*
1266 2769 1273 2822 Ι
1301 2771 1502 2823 quomodo
1531 2783 1651 2822 posse
1680 2771 1905 2812 haberetV
1921 2771 1935 2822 11

252 2823 274 2863 8
304 2821 534 2874 Ecquonam
559 2824 734 2864 Statius:
766 2824 815 2863 Et
842 2825 1029 2875 quoniam
1052 2825 1096 2864 V
1115 2838 1201 2865 sset·
1229 2825 1278 2864 al'
1307 2837 1479 2876 quonam
1499 2825 1550 2864 G¹
1579 2825 1643 2874 [Et
1673 2824 1859 2876 quoniam
1884 2824 1934 2874 L}

266 2875 380 2926 [jhere
397 2876 441 2916 V
456 2876 469 2927 Η
498 2880 520 2918 9
539 2890 668 2929 neque
682 2877 781 2928 ipsis
798 2877 941 2926 [Laur.
957 2880 1027 2927 55,
1043 2879 1130 2927 42J:
1158 2890 1288 2930 neque
1314 2890 1387 2918 nec
1408 2879 1446 2917 in
1468 2879 1566 2930 ipsis
1583 2879 1627 2918 V
1634 2878 1932 2927 [ABCHLAP]

250 2941 338 2967 sam·
367 2929 415 2968 al‘
444 2942 573 2982 neque
602 2931 700 2981 ipsis
730 2961 739 2972 .
770 2942 842 2970 nec
866 2930 917 2969 G¹
947 2943 1077 2983 neque
1107 2933 1145 2971 in
1175 2932 1324 2983 ipsisg
1347 2932 1414 2980 [D]
1444 2932 1540 2971 mihi
1570 2943 1642 2971 nec
1671 2930 1748 2983 ipsi
1772 2931 1936 2972 Statius

252 2982 349 3022 mihi
379 2995 509 3034 neque
538 2984 612 3033 ipsi
644 2984 724 3024 Hoc
753 2987 935 3034 praetore
966 2985 1089 3025 fuisse
1119 2996 1191 3024 nec
1226 2984 1432 3024 Traubius
1459 2985 1472 3036 ΙΙ
1505 2987 1552 3026 10
1581 2984 1696 3024 Nunc
1719 2985 1936 3036 Westpha-

247 3036 332 3075 lius
360 3035 374 3089 Η
401 3037 680 3088 quaestoribus
710 3037 896 3076 Muretus
