2040 3372
209 102 269 146 78
884 104 950 154 67,
978 105 1149 152 28—68,
1179 106 1203 143 6

482 237 618 293 Quod
653 245 812 299 posset
844 253 1011 285 zonam
1045 239 1228 287 soluere
1263 230 1549 301 uirgineam.³

407 304 660 366 Egregium
697 318 859 352 narras
893 306 1010 352 mira
1044 306 1216 367 pietate
1252 313 1509 368 parentem,

328 378 374 417 30
481 371 571 426 Qui
605 372 705 433 ipse
740 372 812 418 sui
846 372 975 432 gnati
1011 373 1230 420 minxerit
1263 374 1312 420 in
1347 374 1590 435 gremium.

402 431 563 497 ‘Atqui
599 453 696 485 non
733 438 882 484 solum
918 438 1006 486 hoc
1040 454 1090 486 se
1126 440 1238 487 dicit
1271 441 1511 502 cognitum
1545 438 1721 486 habere

480 503 634 551 Brixia
667 504 701 567 †
735 504 900 551 chinea
936 506 1230 567 suppositum
1264 507 1465 568 specula,

408 569 578 618 Flauus
613 586 751 632 quam
786 571 915 618 molli
949 573 1211 633 praecurrit
1244 573 1436 620 flumine
1470 572 1621 629 Mella,

482 637 634 684 Brixia
672 638 883 684 Veronae
918 646 1067 686 mater
1101 647 1248 687 amata
1283 654 1427 696 meae,

327 711 372 748 35
409 702 498 750 Sed
535 705 591 751 de
626 704 866 751 Postumio
902 711 948 751 et
983 706 1169 753 Corneli
1204 713 1362 753 narrat
1400 719 1575 762 amore,

482 770 595 817 Cum
633 771 802 831 quibus
835 772 911 818 illa
945 773 1119 819 malum
1152 773 1262 819 fecit
1295 764 1599 819 adulterium.'

406 836 583 883 Dixerit
617 838 692 884 hic
727 837 914 898 aliquis:
951 838 1097 899 quid?
1132 846 1184 885 tu
1218 840 1371 896 istaec,
1406 839 1559 894 ianua,
1597 839 1738 904 nosti,

483 902 567 950 Cui
603 919 857 965 numquam
895 905 1072 952 domini
1106 906 1267 952 limine
1300 905 1462 952 abesse
1496 905 1619 961 licet,

405 969 502 1016 Nec
536 971 761 1032 populum
796 973 1070 1030 auscultare,
1106 973 1187 1020 sed
1222 973 1326 1019 heic
1360 972 1526 1019 suffixa
1558 970 1707 1032 tigillo

329 1043 375 1082 40
482 1036 681 1084 Tantum
718 1038 905 1100 operire
938 1039 1058 1087 soles
1093 1047 1172 1086 aut
1206 1039 1386 1101 aperire
1421 1035 1644 1085 domum?

403 1095 575 1164 ‘Saepe
609 1105 731 1152 illam
769 1106 925 1152 audiui
959 1106 1132 1154 furtiua
1167 1121 1284 1153 uoce
1318 1106 1592 1165 loquentem

481 1170 636 1218 Solam
671 1187 777 1219 cum
813 1173 997 1220 ancillis
1030 1173 1145 1219 haec
1183 1187 1266 1220 sua
1300 1171 1485 1232 flagitia,

406 1236 605 1284 Nomine
641 1239 873 1285 dicentem
910 1254 1028 1300 quos
1063 1240 1275 1297 diximus,
1310 1247 1361 1285 ut
1396 1246 1504 1300 pote
1540 1254 1658 1300 quae
1694 1238 1759 1286 mi

479 1304 703 1366 Speraret
738 1321 826 1352 nec
860 1306 1068 1367 linguam
1103 1321 1218 1356 esse,
1239 1321 1328 1352 nec
1362 1305 1633 1353 auriculam.

328 1378 374 1417 45
408 1370 653 1418 Praeterea
688 1372 884 1419 addebat
919 1373 1167 1433 quendam,
1204 1387 1344 1434 quem
1379 1372 1533 1420 dicere
1569 1373 1679 1419 nolo

481 1437 679 1485 Nomine
714 1454 774 1485 ne
808 1439 938 1485 tollat
971 1440 1113 1486 rubra
1149 1438 1408 1501 supercilia.

407 1502 600 1565 Longus
635 1506 774 1553 homo
811 1513 895 1563 est,
931 1521 1121 1567 magnas
1158 1506 1266 1567 quoi
1301 1506 1405 1552 lites
1439 1505 1597 1553 intulit
1632 1506 1743 1554 olim

482 1570 668 1619 Falsum
704 1573 923 1619 mendaci
954 1580 1120 1620 uentre
1156 1565 1486 1634 puerperium.2

208 1780 298 1834 68³
410 1780 549 1849 Quod
583 1783 696 1830 mihi
731 1785 920 1831 fortuna
953 1799 1156 1845 casuque
1193 1799 1443 1846 oppressus
1478 1785 1647 1832 acerbo

483 1850 811 1911 Conscriptum
846 1851 936 1898 hoc
971 1852 1170 1899 lacrimis
1204 1851 1348 1899 mittis
1384 1851 1661 1913 epistolium,

407 1917 691 1977 Naufragum
725 1925 778 1964 ut
811 1918 1008 1965 eiectum
1044 1918 1370 1980 spumantibus
1404 1918 1619 1979 aequoris
1654 1917 1792 1965 undis

483 1983 737 2030 Subleuem
772 1991 818 2030 et
851 1999 877 2030 a
912 1985 1075 2032 mortis
1109 1985 1267 2032 limine
1300 1986 1554 2043 restituam,

352 2058 375 2096 5
410 2049 562 2104 Quem
598 2065 751 2111 neque
787 2058 946 2097 sancta
983 2052 1138 2099 Venus
1173 2052 1301 2099 molli
1334 2053 1630 2112 requiescere
1663 2064 1829 2098 somno

482 2116 729 2163 Desertum
764 2117 812 2163 in
849 2118 968 2164 lecto
1005 2118 1178 2165 caelibe
1211 2119 1486 2180 perpetitur,

341 2248 393 2288 29
421 2250 631 2298 parentum
655 2247 714 2286 0*
732 2248 747 2301 ΙΙ
767 2250 817 2289 30
838 2251 903 2288 siit
935 2250 990 2288 0*
1007 2250 1022 2301 ΙΙ
1051 2252 1098 2290 31
1131 2249 1184 2288 At
1213 2250 1282 2301 qui
1305 2249 1343 2288 V
1368 2249 1382 2298 ΙΙ
1409 2250 1501 2298 [hoc
1528 2260 1572 2289 se
1601 2247 1697 2287 dicit
1714 2247 1756 2285 D
1781 2246 1895 2287 Brit.

205 2301 369 2349 4494512
402 2313 446 2340 se
474 2301 572 2340 dicit
599 2302 682 2351 (om
710 2301 802 2352 hoc)
825 2301 883 2340 G*
911 2305 969 2351 [se
998 2303 1095 2342 dicit
1123 2303 1199 2342 hoc
1219 2302 1503 2351 ABCHLAP]
1534 2303 1611 2342 hoc
1639 2300 1737 2340 dicit
1764 2311 1808 2340 se
1830 2300 1888 2339 0*

207 2354 340 2403 [Harl.
359 2355 476 2402 2574]
503 2354 518 2406 Η
545 2356 597 2394 32
626 2354 810 2405 Cycneae
839 2357 1049 2407 supposita
1078 2356 1268 2408 speculae
1291 2357 1461 2396 Vossius
1488 2356 1648 2408 Gycnea
1677 2353 1888 2405 supposita

206 2408 248 2447 in
269 2410 337 2458 (ω)
356 2408 519 2458 specula
539 2408 756 2447 Zanchius
784 2407 799 2460 ΙΙ
828 2410 877 2448 33
901 2413 940 2447 et
959 2412 1011 2450 34
1031 2410 1098 2448 del
1114 2409 1312 2459 Maffleius
1337 2409 1352 2462 ΙΙ
1380 2411 1430 2451 33
1450 2410 1548 2450 moli
1570 2409 1627 2448 0*
1661 2410 1668 2460 Ι
1695 2408 1891 2459 percurrit

211 2461 257 2501 V
275 2474 373 2500 corr
398 2461 615 2500 Auantius
650 2461 663 2514 ΙΙ
701 2462 821 2501 mello
855 2463 889 2502 G
917 2464 1021 2503 melo
1054 2463 1111 2502 0*
1151 2463 1167 2516 ss
1208 2465 1261 2503 34
1288 2467 1380 2503 tuae
1409 2463 1602 2513 Scaliger
1700 2462 1751 2500 35
1779 2463 1892 2510 post—

208 2514 345 2554 humio
377 2515 423 2554 V
439 2514 454 2566 ΙΙ
482 2518 628 2564 narrat]
659 2520 766 2555 amat
788 2515 847 2554 G*
872 2518 885 2566 ΙΙ
915 2519 1073 2557 37-40
1103 2529 1207 2567 quos
1233 2519 1364 2567 uulgo
1392 2519 1548 2555 ianuae
1577 2516 1692 2564 dant,
1724 2513 1889 2553 Catullo

207 2569 390 2607 attribui
405 2567 422 2621 ΙΙ
441 2570 490 2607 37
512 2567 618 2608 Dixit
636 2568 691 2607 0*
717 2571 780 2617 (in
803 2568 837 2608 G
856 2569 990 2620 nix-“10
1009 2570 1023 2622 ΙΙ
1043 2570 1107 2610 hic
1131 2570 1187 2609 G:
1216 2571 1253 2610 h'
1272 2572 1341 2621 (=
1359 2571 1474 2620 haec)
1497 2569 1540 2610 Ο.
1579 2568 1634 2615 cll
1649 2567 1759 2606 aas·
1776 2566 1791 2617 ΙΙ
1818 2566 1889 2617 qui

209 2626 253 2660 tu
282 2635 318 2659 ω
346 2623 427 2660 uioe
452 2624 611 2660 rectius
638 2622 653 2674 ΙΙ
679 2622 757 2662 iste
786 2622 825 2662 V
847 2622 856 2674 1
893 2625 942 2663 38
974 2624 1125 2663 domini
1157 2623 1214 2663 G:
1243 2624 1360 2663 deum
1384 2623 1442 2662 0*
1468 2624 1482 2672 ss
1507 2623 1658 2662 lumine
1682 2620 1713 2659 0
1740 2619 1893 2669 [limine

210 2678 251 2712 et
277 2678 324 2713 in
351 2687 487 2725 marg.
517 2677 559 2714 a}
587 2675 737 2715 lumine
766 2675 815 2725 L]
849 2677 857 2728 Ι
899 2679 948 2717 39
980 2678 1053 2717 hec
1085 2677 1117 2716 G
1146 2677 1183 2716 h·
1211 2678 1278 2727 (=
1307 2677 1419 2728 haec)
1450 2677 1495 2725 0,
1521 2676 1619 2715 inde
1645 2672 1734 2720 feci
1748 2672 1894 2766 .h.‘.²i⁰AE

209 2726 338 2767 sufixa
371 2728 427 2766 O*
467 2728 481 2776 ΙΙ
523 2730 574 2768 42
605 2727 700 2769 Sola
731 2729 773 2769 V
803 2728 819 2782 ΙΙ
854 2731 1011 2770 ancillis
1038 2730 1323 2770 Robortellus:
1350 2730 1531 2771 conciliis
1561 2727 1616 2768 0*
1644 2725 1827 2767 conallus

206 2780 222 2833 fl
250 2782 300 2820 43
331 2784 424 2831 pete
456 2782 513 2820 0*
539 2781 555 2833 ss
582 2784 636 2822 44
666 2782 854 2834 Speraret
873 2797 933 2821 co.-
963 2783 1107 2835 SperEt
1130 2785 1187 2822 0*
1216 2783 1386 2835 Sperent
1408 2783 1465 2823 G*
1485 2782 1642 2834 [Speret
1655 2781 1863 2832 plerique]
1876 2778 1893 2829 ΙΙ

207 2836 259 2873 45
289 2834 489 2874 addebant
520 2835 577 2873 0*
603 2836 616 2886 Η
645 2835 818 2887 quc-edam
850 2836 882 2875 G
910 2836 1029 2889 §dam
1062 2838 1094 2876 0
1125 2836 1139 2890 ΙΙ
1175 2839 1226 2878 46
1257 2841 1296 2877 te
1326 2837 1365 2877 V
1401 2836 1417 2890 ΙΙ
1452 2835 1683 2887 supercillia
1713 2833 1772 2873 G*
1798 2831 1814 2885 ss
1839 2834 1891 2873 47

209 2887 277 2938 qui
308 2887 353 2926 V
373 2887 387 2936 ΙΙ
414 2888 523 2927 littes
555 2888 612 2927 0*
640 2890 653 2939 Η
681 2889 834 2928 intullit
865 2889 921 2928 G*
953 2890 968 2943 ΙΙ
993 2892 1043 2932 48
1074 2891 1272 2930 mendacii
1302 2891 1348 2930 V

342 2939 417 2982 68³
445 2942 724 2981 Intersticcum
753 2942 792 2982 V
799 2958 814 2981 .·
851 2945 1032 2982 inseruit
1060 2945 1231 2983 titulum
1258 2943 1321 2983 Ad
1338 2942 1565 2993 Malliumg
1593 2942 1607 2992 ΙΙ
1637 2943 1660 2981 2
1691 2941 1886 2989 Consper-

208 3004 296 3032 sum
325 2993 537 3033 Schrader
562 2994 578 3047 ΙΙ
618 2996 709 3044 hoc]
740 2996 776 3035 h’
803 2998 870 3045 (=
899 2997 1011 3047 haec)
1043 2998 1075 3036 0
1105 2998 1195 3047 [hec
1222 2998 1320 3046 BA]
1362 2997 1375 3046 ΙΙ
1415 2996 1541 3036 mittis
1573 2996 1629 3034 0.-
1657 2993 1781 3034 mittit
1812 2991 1846 3031 G
1872 2990 1889 3042 ΙΙ

212 3047 235 3085 3
264 3046 526 3098 Naufragium
555 3053 598 3098 ut
628 3049 672 3088 V
691 3050 707 3101 [Ι
734 3052 758 3090 6
787 3048 988 3090 Disertum
1020 3051 1077 3089 G*
