2040 3372
170 118 257 159 VIII
872 115 1186 158 TESTIMONIA

203 255 235 302 7
279 258 471 298 VALGIVS
499 258 646 297 RVFVS
681 255 731 298 in
763 252 895 300 schol.
923 267 1082 299 ueron.
1107 252 1166 300 ad
1196 250 1323 314 Very.
1342 253 1416 300 ecl.
1447 256 1491 308 7,
1517 254 1579 301 22
1607 255 1676 316 (p.
1706 256 1783 309 74,
1812 256 1873 303 10

342 318 479 378 Keil.)
550 318 752 366 Codrum
796 319 845 365 in
888 319 1046 379 elegiis
1079 318 1267 378 Valgius
1302 319 1559 366 honorifice
1594 319 1794 382 appellat
1828 326 1876 367 et

345 386 542 446 quadam
587 385 635 431 in
683 384 841 446 ecloga
886 385 942 431 de
977 400 1032 431 eo
1069 385 1133 431 ait
1159 380 1264 431 ‘Ille
1310 386 1435 432 canit
1473 386 1600 446 quali
1644 393 1696 432 tu
1739 400 1875 443 uoce,

346 451 598 508 Catulle,
646 451 844 498 canebas
879 453 1031 511 Atque
1075 451 1196 498 soles
1232 466 1455 499 numeros
1497 452 1676 510 dicere,
1713 452 1876 509 Cinna,

344 527 466 576 tuos,
503 517 694 565 Dulcior
728 526 780 564 ut
815 532 1070 578 numquam
1105 517 1230 579 pylio
1255 518 1531 580 profluxerit
1566 533 1647 566 ore
1669 518 1878 566 Nestoris

345 592 424 632 aut
458 585 595 631 docto
631 590 821 645 pectore
858 580 1148 631 Demodoci³.

212 653 242 702 8
277 658 551 697 PROPERTIVS
604 652 648 705 3,
678 652 756 706 25,
782 654 812 699 4
848 650 939 697 Ista
973 651 1088 698 meis
1122 652 1202 697 fiet
1236 650 1477 698 notissima
1512 652 1660 698 forma
1695 650 1877 708 libellis,

349 718 502 775 Calue,
528 724 606 764 tua
635 717 785 775 uenia,
816 732 944 779 pace,
971 717 1228 775 Catulle,
1264 723 1344 763 tua
1481 719 1525 776 3,
1552 720 1632 774 34,
1659 718 1718 767 87
1753 717 1879 764 Haec

349 799 538 846 quoque
582 783 742 830 lasciui
772 790 1037 830 cantarunt
1071 784 1243 845 scripta
1279 783 1529 842 Catulli,
1573 784 1738 831 Lesbia
1776 783 1880 844 quis

346 851 447 912 ipsa
483 850 640 897 notior
675 856 745 896 est
780 849 956 897 Helena
1126 854 1462 907 (PROPERTIVS).

213 919 244 966 9
283 923 468 962 OVIDIVS
509 931 654 964 amor.
681 918 725 971 3,
750 916 795 971 9,
822 917 885 964 62
923 915 1103 963 Obuius
1138 916 1246 963 huic
1271 915 1468 976 (Tibullo
1505 920 1556 964 in
1585 917 1759 978 Elysio)
1795 930 1882 964 ue-

349 984 448 1030 nias
470 983 641 1030 hedera
676 982 910 1029 iuuenalia
944 983 1126 1030 cinctus
1152 983 1385 1044 Tempora
1420 998 1527 1030 cum
1552 983 1708 1040 Caluo,
1745 983 1881 1030 docte

349 1049 607 1105 Catulle,
660 1056 742 1095 tuo
960 1065 1104 1097 amor.
1153 1051 1197 1107 3,
1247 1052 1323 1107 15,
1361 1051 1387 1096 7
1445 1050 1634 1097 Mantua
1679 1049 1881 1111 Vergilio

350 1116 541 1178 gaudet:
587 1115 772 1162 Verona
809 1115 1067 1163 Catullo:
1105 1116 1351 1177 Paelignae
1387 1116 1514 1164 dicar
1547 1116 1695 1178 gloria
1730 1115 1883 1177 gentis

352 1198 437 1244 ego
597 1183 703 1243 fast.
731 1182 813 1243 †3,
838 1183 962 1231 469:
988 1183 1047 1244 cf.
1079 1182 1172 1230 Cat.
1193 1184 1269 1238 64,
1302 1184 1394 1231 132
1564 1186 1679 1230 trist.
1707 1184 1753 1240 2,
1783 1183 1878 1231 427

351 1249 428 1297 Sic
464 1263 547 1296 sua
581 1249 755 1296 lasciuo
792 1255 972 1296 cantata
1009 1256 1078 1296 est
1111 1263 1249 1310 saepe
1284 1249 1543 1306 Catullo,
1579 1249 1771 1296 Femina
1807 1248 1885 1296 cui

350 1316 516 1363 falsum
558 1315 725 1362 Lesbia
773 1330 947 1363 nomen
995 1323 1106 1363 erat.
1177 1315 1273 1362 Nec
1317 1322 1569 1363 contentus
1612 1331 1666 1363 ea
1715 1315 1885 1363 multos

350 1383 562 1444 uulgauit
593 1396 790 1439 amores,
827 1383 881 1429 ln
915 1382 1086 1443 quibus
1121 1382 1220 1444 ipse
1248 1397 1386 1430 suum
1421 1384 1570 1430 fassus
1606 1381 1886 1429 adulterium

353 1456 422 1497 est
593 1452 690 1506 <**0
700 1464 877 1494 VIBIVS.
898 1453 1082 1494 ”weris
1104 1483 1114 1493 .
1143 1453 1274 1492 Culex
1298 1483 1308 1493 .
1335 1453 1566 1504 **Prz·apea
1587 1485 1596 1494 .
1625 1456 1887 1504 epigramma

352 1517 399 1553 in
436 1514 689 1554 Cras-§icium
724 1526 792 1564 ap.
823 1513 935 1556 Suet,
969 1526 1150 1564 gramm.
1183 1515 1253 1554 18:
1295 1514 1382 1554 Cat.
1419 1526 1453 1553 c.
1483 1516 1546 1554 70.
1622 1523 1850 1554 MAMILIVS
1875 1543 1886 1555 .

355 1568 551 1607 Sallustii
588 1579 695 1617 quae
730 1566 874 1613 fertur
908 1569 1129 1607 inuectiua
1162 1569 1208 1606 in
1240 1566 1370 1608 Cicer.
1401 1570 1438 1615 7,
1470 1567 1682 1607 Ciceronis
1709 1569 1756 1606 in
1785 1566 1887 1608 Sall.

360 1622 539 1661 19-22:
574 1620 660 1660 Cat.
692 1633 726 1660 e.
756 1619 841 1672 29).

190 1679 251 1725 10
290 1681 534 1720 LYGDAMVS
568 1676 693 1738 apud
721 1674 949 1722 Tibullum
974 1678 1018 1730 3,
1045 1678 1089 1730 6,
1116 1677 1176 1722 41
1208 1674 1394 1732 Gnosia,
1430 1676 1616 1722 theseae
1652 1673 1890 1736 quondam

353 1742 559 1804 periuria
603 1742 790 1804 linguae
825 1742 1018 1790 Fleuisti
1060 1742 1221 1803 ignoto
1267 1741 1364 1788 sola
1411 1742 1572 1789 relicta
1617 1741 1756 1788 mari:
1812 1741 1890 1787 Sic

356 1808 526 1856 cecinit
560 1823 647 1870 pro
672 1815 718 1855 te
745 1809 924 1866 doctus,
962 1808 1122 1866 Minoi,
1160 1808 1432 1856 Catullus
1468 1808 1645 1869 Ingrati
1679 1808 1890 1854 referens

355 1876 496 1937 impia
531 1876 649 1922 facta
685 1875 798 1922 uiri:
836 1876 896 1936 cf.
936 1874 1029 1923 Cat.
1058 1877 1137 1930 64,
1168 1876 1260 1923 132
1430 1879 1724 1934 (tremum).

190 1945 247 1991 11
287 1947 499 1996 (VERRIVS
540 1948 748 1996 FLACGVS)
784 1942 897 1989 Fest.
922 1958 971 2004 p.
997 1943 1120 1991 230:
1156 1940 1253 1988 Cat.
1281 1942 1359 1996 97,
1391 1944 1421 1991 6
1543 1944 1639 1991 273
1664 1940 1891 2002 (Catullus

354 2009 403 2054 in
441 2007 743 2069 galliamhis):
788 2008 881 2056 Cat.
910 2010 987 2063 63,
1024 2010 1086 2057 38
1248 2010 1368 2056 305;
1414 2007 1507 2056 Cat.
1539 2010 1613 2063 17,
1656 2010 1730 2056 19.

191 2076 252 2124 12
289 2081 518 2131 (HYGINVS)
548 2082 666 2136 poet.
703 2083 812 2122 asir.
838 2073 919 2134 †2‚
946 2077 1034 2122 24:
1078 2073 1172 2122 Cat.
1202 2075 1279 2130 66,
1316 2077 1394 2123 26.
1434 2078 1512 2124 54.

193 2144 252 2190 13
292 2147 463 2186 SENECA
508 2148 712 2188 controu.
750 2143 796 2197 7,
823 2144 853 2189 4
890 2142 1007 2202 (19),
1044 2142 1071 2188 7
1113 2141 1402 2202 (Catullus
1445 2142 1495 2188 in
1540 2141 1891 2203 hendecasylla-

359 2207 474 2264 bis):
515 2207 612 2256 Cat.
653 2209 730 2263 53,
768 2210 812 2256 5.

193 2277 254 2324 14
295 2280 513 2319 VELLEIVS
554 2277 600 2329 2,
637 2275 715 2330 36,
752 2276 782 2322 2
828 2275 933 2335 quis
979 2274 1102 2321 enim
1148 2274 1334 2334 ignorat
1377 2274 1632 2336 diremptos
1673 2273 1894 2335 gradibus

359 2341 521 2388 aetatis
573 2341 787 2388 floruisse
836 2343 926 2388 hoc
980 2347 1192 2402 tempore
1237 2340 1535 2398 Ciceronem,
1588 2340 1893 2388 Hortensium

460 2442 470 2453 .
507 2443 518 2453 .
560 2414 869 2468 auctoresque
915 2407 1175 2454 carminum
1219 2406 1478 2454 Varronem
1525 2422 1578 2455 ac
1624 2407 1894 2454 Lucretium

360 2488 516 2534 neque
545 2474 641 2520 ullo
678 2475 726 2520 in
764 2475 969 2536 suscepti
1007 2474 1162 2536 operis
1198 2474 1269 2520 sui
1305 2474 1510 2522 carmine
1547 2476 1736 2536 [genere
1761 2472 1895 2521 Haa-

359 2541 469 2599 sius]
503 2540 736 2587 minorem
773 2539 1104 2588 Catullum?

198 2609 258 2655 15
301 2612 469 2652 SENECA
510 2607 679 2669 apocal.
717 2605 839 2667 †11:
891 2607 986 2655 Cat.
1025 2609 1070 2662 3,
1112 2609 1171 2654 12
1340 2609 1463 2667 episc.
1501 2607 1615 2668 †93,
1658 2610 1741 2655 11:
1795 2606 1891 2654 Cat.

363 2675 439 2728 36,
483 2676 505 2721 1
721 2678 950 2730 <SENECAE
984 2679 1232 2728 tragoediae
1260 2708 1269 2717 .
1299 2687 1525 2717 PERSIVS.
1562 2687 1849 2718 CALPVRNJVS
1881 2706 1893 2718 .

365 2747 391 2829 I
394 2747 575 2841 {0211283173
600 2767 611 2778 .
642 2748 902 2778 PETRONIVS
922 2767 932 2777 .
959 2738 1108 2777 titulus
1139 2739 1418 2788 pompeianus
1448 2736 1548 2778 CIL.
1578 2740 1616 2786 4,
1649 2738 1773 2779 1261:
1806 2736 1894 2777 Cat.

199 2845 261 2893 16
300 2851 481 2889 GAESIVS
507 2853 672 2890 BASSVS
707 2846 758 2892 de
791 2853 919 2894 metr.
951 2861 999 2907 p.
1025 2844 1171 2906 †257‚
1198 2844 1226 2893 8
1259 2844 1422 2893 Keilii:
1462 2844 1558 2893 Cat.
1598 2846 1675 2902 52,
1704 2847 1734 2893 2

360 2926 407 2972 p.
436 2913 547 2969 260,
579 2915 664 2961 13:
694 2912 789 2960 Cat.
815 2914 954 2974 frqm.
985 2915 1006 2959 1
1133 2912 1225 2960 261
1255 2911 1355 2971 (ubi
1381 2910 1474 2959 Cat.
1504 2914 1549 2970 2,
1578 2914 1620 2960 1.
1650 2914 1692 2969 1,
1718 2913 1762 2959 2.
1789 2914 1835 2959 4.
1866 2913 1889 2959 1

367 2978 537 3038 sinyuli
570 2978 783 3038 citantur)
824 2993 943 3040 quae
979 2978 1135 3025 omnia
1170 2992 1342 3039 genera
1378 2977 1751 3039 hendecasyllabi
1798 2978 1897 3038 (aut

369 3059 397 3090 a
432 3045 621 3106 spondeo
659 3054 738 3092 aut
784 3062 812 3093 a
848 3046 1054 3094 trochaeo
1091 3052 1171 3092 aut
1206 3045 1261 3092 ab
1298 3045 1445 3092 iambo
1482 3046 1756 3107 incipientis)
1792 3043 1896 3091 Ca-
