2040 3372
887 111 951 159 68,
979 109 1110 149 7—37
1782 109 1844 154 79

368 242 463 289 Nec
499 248 708 289 ueterum
744 241 866 288 dulci
901 242 1181 302 scriptorum
1215 240 1419 287 carmine
1454 256 1612 289 musae

443 307 703 365 Oblectant‚
740 322 846 354 cum
882 323 1015 355 mens
1050 308 1185 354 anxia
1220 307 1481 368 peruigilat‚

369 373 420 420 ld
454 380 638 434 gratum
674 380 743 420 est
775 374 902 430 mihi,
937 388 1011 420 me
1047 374 1268 435 quoniam
1302 372 1386 420 tibi
1420 373 1534 420 dicis
1570 374 1768 423 amicum

288 447 334 487 lo
439 440 725 501 Muneraque
761 446 806 486 et
838 455 1076 487 musarum
1109 440 1221 487 hinc
1254 439 1373 500 petis
1409 446 1454 485 et
1488 439 1704 488 Veneris:

366 506 454 553 Sed
490 506 573 552 tibi
608 521 669 552 ne
703 520 805 552 mea
838 507 932 553 sint
965 507 1124 568 ignota
1159 505 1467 562 incommoda,
1503 506 1654 564 Manli,

438 572 540 619 Neu
573 587 647 619 me
683 572 833 619 odisse
868 579 1003 634 putes
1038 572 1233 634 hospitis
1268 572 1484 629 officium,

365 638 535 699 Accipe
570 638 674 699 quis
708 653 884 685 merser
917 640 1132 686 fortunae
1167 638 1385 685 fluctibus
1418 638 1532 699 ipse,

437 704 505 751 Ne
539 705 737 766 amplius
772 720 798 751 a
832 705 1002 752 misero
1038 705 1160 752 dona
1193 705 1324 752 beata
1360 711 1503 765 petas.

275 774 328 837 }5
363 770 594 831 Tempore
630 786 721 831 quo
757 771 959 832 primum
995 771 1138 819 uestis
1172 771 1284 817 mihi
1318 771 1483 817 tradita
1518 785 1634 832 pura
1669 777 1751 828 est,

436 836 695 884 Iocundum
731 852 837 884 cum
872 845 995 885 aetas
1030 838 1191 884 florida
1226 851 1311 884 uer
1345 845 1515 898 ageret,

362 903 504 950 Multa
538 903 647 950 satis
681 904 795 950 lusi:
832 919 930 951 non
967 910 1036 951 est
1069 904 1153 950 dea
1188 904 1343 950 nescia
1379 904 1527 950 nostri

437 969 564 1024 Quae
598 969 782 1017 dulcem
817 970 939 1017 curis
974 970 1137 1016 miscet
1170 970 1446 1016 amaritiem:

363 1035 455 1082 Sed
490 1042 638 1082 totum
673 1037 763 1083 hoc
797 1036 999 1083 studium
1038 1036 1165 1082 luctu
1198 1037 1402 1082 fraterna
1436 1035 1549 1082 mihi
1583 1050 1710 1084 mors

283 1109 328 1148 20
433 1101 647 1148 Abstulit.
717 1117 743 1148 o
779 1102 949 1149 misero
984 1103 1128 1148 frater
1162 1102 1374 1163 adempte
1409 1101 1537 1159 mihi,

361 1168 433 1214 Tu
467 1182 568 1214 mea
601 1175 654 1214 tu
688 1168 894 1215 moriens
928 1168 1105 1229 fregisti
1139 1168 1394 1226 commoda,
1430 1169 1587 1225 frater,

434 1233 609 1281 Tecum
644 1249 738 1281 una
773 1240 870 1281 tota
906 1242 975 1281 est
1010 1241 1168 1282 nostra
1201 1235 1383 1296 sepulta
1418 1235 1597 1292 domus,

362 1299 529 1348 Omnia
564 1308 717 1347 tecum
752 1316 845 1348 una
878 1301 1122 1362 perierunt
1154 1301 1318 1361 gaudia
1353 1307 1526 1358 nostra,

433 1366 562 1421 Quae
596 1373 704 1414 tuus
738 1367 787 1413 in
822 1367 919 1413 uita
953 1367 1100 1413 dulcis
1134 1367 1284 1413 alebat
1318 1381 1461 1413 amor.

279 1440 325 1479 25
359 1432 500 1480 Cuius
535 1447 621 1493 ego
656 1433 847 1480 interitu
882 1439 977 1480 tota
1013 1434 1068 1479 de
1104 1441 1262 1480 mente
1296 1433 1453 1493 fugaui

432 1498 558 1545 Haec
593 1499 743 1546 studia
780 1506 918 1560 atque
955 1514 1117 1546 omnes
1151 1499 1335 1546 delicias
1368 1499 1526 1547 animi.

360 1565 530 1623 Quare,
567 1567 690 1626 quod
725 1565 891 1613 scribis
927 1566 1137 1613 Veronae
1170 1573 1309 1628 turpe
1346 1565 1521 1612 Catullo

431 1631 545 1678 Esse
580 1632 706 1692 quod
740 1632 817 1678 hic
852 1632 1005 1692 quiuis
1040 1633 1096 1679 de
1130 1633 1323 1679 meliore
1359 1639 1468 1678 nota

358 1697 545 1758 Frigida
581 1699 764 1744 deserto
801 1699 1043 1759 tepefactet
1076 1698 1283 1744 membra
1318 1697 1472 1754 cubili,

279 1771 325 1810 30
430 1763 496 1821 Id,
533 1763 685 1821 Manli,
723 1779 817 1810 non
857 1770 926 1811 est
960 1770 1111 1825 turpe,
1147 1764 1292 1825 magis
1326 1764 1547 1810 miserum
1584 1769 1667 1810 est.

360 1829 581 1892 Ignosces
615 1830 770 1890 igitur,
807 1830 859 1887 si,
896 1845 1014 1891 quae
1049 1830 1162 1876 mihi
1196 1830 1348 1877 luctus
1383 1830 1566 1887 ademit,

433 1895 559 1942 Haec
594 1896 677 1943 tibi
715 1912 809 1943 non
846 1897 999 1943 tribuo
1038 1911 1244 1955 munera,
1281 1911 1387 1944 cum
1422 1911 1621 1956 nequeo.

357 1962 470 2010 Nam
507 1963 632 2023 quod
666 1963 946 2023 scriptorum
982 1978 1078 2010 non
1114 1978 1280 2024 magna
1316 1970 1385 2010 est
1419 1963 1551 2023 copia
1593 1962 1716 2024 apud
1750 1976 1838 2020 me,

430 2028 532 2075 Hoc
566 2029 619 2075 fit
653 2030 776 2090 quod
811 2029 984 2076 Romae
1018 2029 1242 2076 uiuimus:
1278 2029 1354 2075 illa
1388 2030 1568 2086 domus,

280 2102 324 2140 35
357 2094 439 2141 Illa
472 2095 586 2141 mihi
621 2096 768 2152 sedeS,
804 2095 897 2142 illic
930 2110 1034 2142 mea
1068 2096 1273 2157 carpitur
1306 2102 1451 2142 aetas:

430 2161 532 2208 Huc
566 2176 659 2208 una
695 2176 751 2208 ex
784 2161 941 2209 multis
975 2162 1159 2223 capsula
1194 2177 1268 2209 me
1302 2162 1526 2223 sequitur.

358 2227 494 2282 Quod
530 2242 636 2276 cum
670 2228 732 2275 ita
766 2228 838 2286 sit,
875 2229 1018 2275 nolim
1052 2235 1223 2276 statuas
1258 2244 1345 2275 nos
1378 2236 1535 2275 mente
1568 2227 1770 2288 maligna

291 2399 314 2436 7
342 2396 466 2437 uet⁵m
498 2397 553 2436 0*
579 2396 595 2451 ΙΙ
622 2399 645 2438 8
674 2398 787 2438 ansia
821 2398 852 2437 0
877 2396 891 2450 l}
921 2401 944 2438 9
974 2398 1086 2438 ducis
1108 2412 1144 2438 ω
1171 2398 1185 2450 ΙΙ
1216 2401 1263 2439 10
1292 2398 1394 2449 petit
1417 2397 1475 2437 G*
1503 2395 1518 2448 ΙΙ
1547 2399 1595 2438 11
1626 2395 1837 2436 commoda

156 2448 251 2489 mali
282 2450 331 2499 V,
362 2451 408 2488 in
440 2450 474 2490 G
502 2451 559 2490 ad
584 2452 830 2490 uocatiuum
857 2452 1129 2491 indicandum
1157 2464 1182 2491 o
1210 2451 1363 2490 uocula
1392 2464 1418 2489 a
1450 2450 1482 2490 G
1491 2451 1521 2499 ¹,
1564 2454 1614 2489 ut
1651 2450 1836 2499 uidetur,

153 2515 230 2609 1qu
226 2516 280 2596 gr
277 2505 393 2595 35⁷5?
395 2503 938 2604 {Ztssssssti'ciffafffgfihmssss
940 2517 1019 2597 ⁷²2⁴}
1038 2502 1838 2610 281249Sj¹¹13211¹1¹ar⁵1²35i³231⁸(2⁹52ssssssss

154 2608 189 2647 ri
209 2611 401 2659 priorem
427 2622 538 2651 man.
563 2623 632 2660 pr.
662 2611 831 2659 deleuit)
863 2611 896 2650 G
931 2589 1143 2651 amaritc÷e3
1173 2612 1241 2660 (=
1267 2610 1454 2659 -tionem)
1486 2610 1542 2648 0*
1639 2610 1690 2648 20
1728 2610 1768 2657 o]
1797 2607 1835 2648 ei

154 2661 447 2712 Baehrenstus,
476 2662 533 2710 cf.
560 2665 623 2712 68,
650 2664 702 2703 92
738 2662 754 2713 ΙΙ
790 2666 949 2704 21-24
976 2664 1043 2702 del
1067 2664 1363 2703 Froehliclzius
1389 2667 1403 2713 ΙΙ
1430 2665 1478 2703 21
1508 2662 1637 2702 Tunia
1666 2664 1710 2701 tu
1741 2659 1832 2713 0*ss

156 2715 323 2755 comoda
346 2716 378 2754 0
404 2715 419 2768 ΙΙ
447 2717 497 2756 26
527 2729 686 2756 omnem
709 2717 765 2755 0*
792 2718 806 2769 ΙΙ
835 2718 884 2756 27
914 2729 1062 2757 uerone
1091 2719 1125 2766 (r
1153 2718 1366 2766 adrasum)
1389 2716 1453 2768 011
1473 2715 1621 2755 catulle
1638 2715 1683 2755 V
1695 2714 1837 2754 scribis

151 2763 353 2808 ‘Veronae
381 2772 520 2820 turpe,
550 2769 726 2818 Catulle,
754 2769 853 2809 Esse
890 2770 997 2821 quod
1023 2793 1076 2799 —
1106 2770 1294 2822 tepefecit
1320 2783 1371 2809 m.
1402 2765 1543 2809 cubili’
1574 2768 1613 2807 Id
1643 2768 1797 2807 Mum-o
1826 2765 1841 2818 {l

155 2822 208 2861 28
237 2821 370 2873 quiuis
388 2822 707 2861 Lachmannus:
735 2823 919 2874 quisquis
940 2823 982 2862 V
1003 2821 1018 2875 ΙΙ
1046 2824 1228 2875 quisquis
1257 2846 1309 2851 —
1337 2826 1431 2862 nota
1461 2826 1523 2862 est
1543 2836 1578 2862 ω
1606 2821 1621 2873 ΙΙ
1650 2823 1700 2861 29
1729 2823 1840 2872 tepe-

155 2874 278 2914 factet
299 2874 530 2924 Bergkius:
558 2876 749 2928 tepefacit
766 2876 811 2916 V
831 2876 1024 2926 tepesaxit
1041 2877 1336 2916 Lachmannus
1364 2876 1580 2926 tepefactat
1596 2889 1632 2914 ω
1651 2873 1839 2926 tepefecit

156 2940 192 2965 ω
209 2926 223 2979 ΙΙ
243 2928 379 2967 cubilli
398 2928 452 2967 0*
470 2928 484 2981 ΙΙ
503 2931 554 2970 30
573 2929 668 2968 mali
687 2930 732 2970 V
743 2928 848 2968 Mani
868 2929 1162 2969 Lachmannus
1180 2928 1252 2980 (cl.
1271 2943 1313 2969 u.
1333 2930 1395 2980 44)
1424 2929 1490 2979 mi,
1511 2929 1592 2967 Alli
1608 2927 1839 2968 Schoellius

153 2979 168 3031 ΙΙ
197 2981 244 3019 31
275 2980 463 3031 Ignoscas
496 2982 552 3021 0*
579 2982 593 3034 ΙΙ
621 2984 672 3022 32
701 2985 785 3022 tum
819 2983 875 3020 0*
903 2982 917 3030 ΙΙ
944 2984 996 3023 34
1022 2982 1102 3023 Hec
1134 2984 1190 3022 0*
1219 2983 1232 3035 ΙΙ
1261 2984 1311 3022 36
1340 2983 1419 3022 ima
1457 2984 1544 3034 (sed
1571 2985 1650 3021 uim
1679 2983 1728 3020 ab
1758 2991 1836 3019 una

157 3032 313 3084 differt)
345 3034 400 3073 0*
426 3033 441 3086 ΙΙ
468 3036 518 3075 37
549 3035 632 3076 noli
665 3035 720 3075 G:
747 3035 830 3075 noli
863 3035 918 3074 0*
