2040 3372
219 115 323 156 XIIII
916 112 1229 154 TESTIMONIA

393 247 652 295 debitorem
676 262 751 295 me
775 248 876 296 fore
902 264 998 296 non
1022 249 1195 305 nescio,
1221 247 1294 295 die
1316 263 1414 295 non
1436 250 1551 308 (non
1570 248 1659 296 add
1674 248 1917 308 Ballerini)

389 315 591 362 meditor
631 329 683 362 ac
720 323 883 373 nocte,
921 315 1217 363 Catullum
1265 329 1518 376 numquam
1559 320 1695 362 antea
1731 315 1919 373 lectum,

390 381 604 429 Plautum
640 382 730 428 iam
767 382 875 428 olim
910 382 1016 443 lego
1055 395 1144 428 nec
1180 382 1288 441 (nec
1324 381 1404 428 del.
1444 380 1694 444 Hauptius)
1728 381 1919 438 lectum,

388 449 613 495 musicam
659 448 847 509 quando
895 462 1032 510 saepe
1078 454 1267 509 rogatus
1311 462 1495 510 expono
1673 463 1722 510 Ρ.
1759 446 1916 508 †624:

391 514 487 562 Cat.
515 518 593 572 55,
620 516 684 563 24
719 513 796 574 (P).

220 583 279 631 57
319 582 465 629 scriba
490 582 650 628 codicis
676 581 907 628 Prisciani
930 581 1196 629 coloniensis
1219 581 1317 629 202
1346 594 1456 627 saec.
1484 586 1537 624 XI
1568 583 1620 627 in
1642 583 1747 628 inst.
1781 581 1827 638 7,
1853 583 1917 630 22

388 662 447 695 em
483 649 628 695 codice
663 648 855 710 quodam
892 648 1138 695 catulliano
1173 653 1434 709 corruptam
1471 647 1596 709 apud
1628 646 1917 696 Priscianum

389 715 619 762 lectionem
654 717 878 761 correccit:
919 714 1014 762 Cat.
1043 715 1121 772 37,
1152 716 1212 764 18
1403 718 1693 772 <amacura
1715 727 1918 760 uacuas-

388 789 638 820 BVRJENSJS
660 781 825 833 (floruit
852 791 886 818 c.
916 792 953 819 a.
987 781 1107 827 1140)
1135 778 1273 818 Mater
1310 780 1494 830 puellae,
1530 791 1638 830 quae
1666 781 1920 820 concubina-

390 837 481 871 tum
509 833 627 880 filiae
656 833 986 884 dedignaretur,
1014 833 1214 872 ancillam
1243 832 1390 871 adiuta
1416 835 1553 872 noctis
1581 835 1761 872 tenebris
1789 834 1920 873 cubili

386 887 606 937 apposuit,
642 887 855 935 uirginem
890 898 992 924 sane
1029 898 1106 925 nee
1141 886 1419 936 inelegantem
1445 898 1523 925 nee
1549 886 1789 938 illepidam:
1829 886 1918 929 Cat.

388 941 451 987 10,
473 941 509 979 3.
531 941 569 979 4.
613 937 668 985 cf.
696 938 839 977 Ellz’sz‘z·
866 939 928 979 ed.
960 939 1136 990 θαι.2Ρ.
1165 937 1307 990 VIIII).

220 996 281 1045 58
319 1000 515 1039 IOANNES
543 999 906 1038 SARJSBERJENSJS
944 992 998 1058 (†
1021 1010 1064 1042 a
1091 995 1240 1055 1182)
1265 993 1413 1041 metal
1445 996 1487 1052 1,
1513 994 1598 1042 24:
1641 993 1735 1042 Cat.
1767 997 1844 1052 14,
1869 997 1915 1044 9.

387 1061 447 1121 cf.
483 1060 620 1108 huius
657 1061 820 1108 indi‘cis
854 1075 926 1109 nr.
952 1063 1030 1108 42.

219 1129 280 1177 59
318 1134 542 1173 NIGOLAVS
572 1133 791 1172 TRIVETVS
826 1127 997 1188 Anylus
1023 1129 1250 1188 (mortuus
1273 1142 1315 1174 a.
1346 1127 1493 1186 1328)
1521 1129 1571 1173 in
1595 1131 1918 1176 commentario

385 1196 445 1242 ad
467 1194 644 1241 Boethii
666 1194 828 1242 consol.
857 1196 902 1252 3,
931 1197 985 1241 4:
1023 1195 1147 1241 unde
1174 1193 1467 1251 Catullus,
1506 1194 1584 1254 qui
1610 1201 1709 1241 erat
1733 1195 1808 1241 uir
1842 1209 1915 1242 sa-

384 1262 520 1322 piens
547 1268 591 1307 et
615 1260 870 1318 uirtuosus,
907 1261 1127 1319 Nonium,
1165 1259 1245 1321 qui
1283 1267 1381 1307 erat
1404 1260 1545 1307 homo
1571 1260 1697 1308 uitiis
1721 1261 1915 1318 deditus,

384 1328 493 1375 licet
531 1327 770 1374 sedentem
806 1327 854 1374 in
892 1327 1067 1375 curruli
1105 1333 1151 1374 et
1185 1327 1247 1373 ita
1283 1333 1495 1374 utentem
1530 1327 1799 1387 magistratu
1825 1364 1836 1375 .
1865 1363 1876 1374 .
1903 1363 1915 1374 .

384 1401 540 1441 tamen
579 1393 780 1455 appellat
814 1400 1052 1441 strumam.
1123 1394 1182 1454 cf.
1209 1409 1350 1456 supra
1384 1408 1454 1441 nr.
1482 1395 1561 1441 49.

217 1464 279 1512 60
316 1468 613 1506 BENEVENVTI
623 1467 687 1505 DE
701 1467 976 1506 CAMPESANIS
994 1460 1214 1508 Vicentini
1236 1461 1428 1521 (mortui
1442 1464 1560 1508 circa
1578 1475 1754 1508 annum
1771 1461 1916 1521 1323)

385 1543 545 1576 uersus
583 1529 634 1575 de
667 1532 995 1576 resurrectione
1034 1527 1229 1575 Catulli:
1264 1528 1325 1588 cf.
1351 1527 1484 1587 infra
1513 1542 1561 1589 Ρ.
1593 1529 1702 1576 101.

218 1598 275 1646 61
317 1601 533 1639 IEREMIAS
567 1601 712 1639 IVDEX
744 1602 807 1639 DE
833 1601 1146 1640 MONTAGNONE
1182 1593 1437 1642 Patauinus
1479 1595 1705 1655 (mortuus
1737 1609 1780 1640 a.
1817 1594 1916 1655 fere

387 1662 535 1721 1300)
585 1663 840 1724 compendii
889 1662 1136 1710 moralium
1188 1660 1457 1708 notabilium
1503 1668 1626 1723 part.
1668 1664 1709 1715 1,
1747 1660 1821 1708 lib.
1859 1663 1914 1711 3:

389 1728 483 1776 Cat.
508 1730 587 1785 22,
618 1730 676 1777 18
814 1730 859 1786 2,
890 1732 940 1776 1;
982 1728 1076 1777 θαι.
1105 1725 1204 1785 681),
1235 1729 1326 1776 137
1467 1730 1510 1785 3,
1537 1730 1590 1776 4:
1621 1726 1718 1775 Cat.
1745 1730 1824 1785 51,
1853 1730 1914 1777 15

516 1798 561 1853 4,
588 1798 643 1843 4:
687 1794 780 1843 θαι.
809 1797 886 1853 39,
918 1797 977 1844 16
1133 1798 1180 1853 4,
1207 1797 1261 1843 5:
1305 1793 1400 1842 Cat.
1427 1796 1506 1848 64,
1536 1796 1629 1843 143
1785 1797 1830 1853 4,
1858 1796 1912 1842 5:

388 1862 483 1913 θαι.
514 1864 592 1918 76,
623 1864 681 1910 13
822 1866 869 1920 4,
897 1864 950 1910 6:
993 1862 1087 1909 θαι.
1116 1863 1193 1919 66,
1224 1864 1297 1909 15.

214 1931 276 1979 62
313 1935 595 1974 ALBERTINVS
622 1935 854 1973 MVSSATVS
885 1928 1139 1977 Patauinus
1156 1929 1381 1987 (mortuas
1402 1943 1444 1974 a.
1470 1928 1615 1986 1329)
1640 1931 1690 1974 in
1714 1930 1915 1975 carmine

381 1996 499 2058 quod
539 1997 718 2056 scripsit
761 2011 802 2043 a.
844 1998 970 2044 1316
1007 1998 1076 2057 (Ρ.
1116 1997 1179 2044 39
1227 1995 1292 2041 ed.
1335 1994 1569 2055 Piynorii‚·
1614 1994 1674 2055 cf.
1726 1993 1916 2042 Graeuii

382 2063 485 2109 thes.
524 2064 664 2122 antiq.
690 2060 745 2107 Ιι.
774 2063 819 2119 6,
846 2064 922 2118 2);
958 2062 1062 2108 Non
1102 2076 1187 2123 ego
1224 2061 1421 2122 fagineis
1458 2060 1606 2107 cecini
1642 2067 1702 2119 te,
1740 2060 1911 2123 Tityre,

383 2129 527 2185 siluis,
565 2128 745 2189 Scripta
780 2128 964 2176 dionaei
989 2143 1077 2176 nec
1103 2128 1214 2175 mihi
1239 2135 1367 2189 gesta
1398 2127 1542 2183 ducis,
1573 2126 1788 2174 Carmine
1823 2127 1911 2175 sub

381 2202 571 2251 nostr0,
608 2194 765 2256 cupidi
801 2195 971 2243 lasciua
1007 2195 1230 2243 Catulli
1266 2194 1458 2251 Lesbia,
1495 2193 1628 2241 dulce
1664 2194 1747 2241 tibi
1785 2193 1911 2241 nulla

381 2268 593 2311 susurrat
628 2261 727 2309 auis
861 2267 1012 2321 (earm.
1035 2279 1080 2318 p.
1110 2268 1162 2307 30
1191 2268 1338 2317 Pigna
1375 2278 1497 2304 nemo
1527 2269 1614 2304 tam
1641 2264 1770 2312 fortis
1796 2265 1912 2304 ualet

384 2341 468 2366 esse
496 2340 579 2379 quo
606 2339 693 2365 non
720 2326 881 2374 fortior
908 2331 1034 2367 assit:
1064 2327 1150 2367 Cat.
1182 2328 1247 2375 66,
1278 2325 1362 2378 28).

215 2384 275 2433 63
312 2385 449 2445 flores
493 2382 740 2431 moralium
788 2387 1111 2431 auctoritatum
1159 2398 1200 2430 a.
1233 2383 1359 2430 1329
1405 2379 1600 2428 Veronae
1642 2378 1698 2426 ab
1732 2378 1910 2426 homine

381 2454 531 2512 iqnoto
552 2449 721 2497 collecti
734 2449 835 2496 li.br
857 2452 887 2498 2
912 2465 947 2498 c.
965 2452 992 2499 3
1009 2444 1084 2497 ‘de
1103 2442 1276 2497 errore'
1302 2448 1595 2508 (Catullus
1614 2446 1671 2492 ad
1691 2444 1906 2510 Varum).

214 2586 277 2633 64
317 2517 587 2628 Gvglltl'Mz}
601 2519 932 2627 ΡἘΤΒΕΝΟΙΟΥΒ
963 2585 1188 2643 (mortuus
1222 2585 1340 2629 circa
1381 2597 1422 2628 a.
1453 2581 1599 2639 1360)
1642 2578 1908 2626 Veronensis

382 2651 432 2697 de
476 2650 731 2712 originibus
765 2664 919 2696 rerum
959 2665 1007 2710 Ρ.
1041 2651 1117 2698 16ἃ
1153 2651 1217 2696 ed.
1253 2663 1355 2696 nen.
1394 2646 1688 2707 (ueronensis
1723 2647 1904 2707 poeta):

387 2716 480 2763 Cat.
512 2720 552 2773 1
581 2719 609 2764 5
775 2731 822 2778 Ρ.
853 2712 935 2764 18¹³
973 2716 1262 2771 Catullus,
1308 2714 1587 2761 ueronensis
1623 2720 1785 2774 poeta,
1828 2711 1903 2759 Ci-

383 2784 566 2830 ceronis
602 2789 866 2839 coetaneus,
902 2781 1074 2829 librum
1108 2782 1239 2829 uario
1265 2788 1523 2828 metrorum
1547 2794 1720 2841 genere
1745 2792 1904 2825 exara-

381 2858 494 2906 tum,
531 2850 673 2896 multa
709 2850 864 2896 iocosa
902 2856 948 2895 et
983 2849 1151 2910 placita
1187 2848 1510 2895 continentem
1547 2845 1802 2894 scolasticis
1835 2845 1902 2892 le-

381 2917 584 2976 gendum
609 2916 797 2963 tradidit
821 2915 1164 2963 Protholomaei
1188 2915 1434 2962 Alexandri
1458 2913 1748 2974 temporibus

383 2980 452 3046 [Ρ.
480 2984 561 3032 85ὃ
597 2983 860 3043 addiditque
897 2982 1168 3030 Catullus
1204 2996 1310 3029 eum
1335 2981 1663 3041 (Mamurram)
1699 2978 1903 3040 primum

382 3050 490 3097 totis
525 3050 716 3098 aedibus
752 3049 925 3096 nullam
962 3050 1050 3097 nisi
1087 3064 1113 3096 e
1149 3063 1381 3096 marmore
1416 3047 1612 3095 earisteo
1637 3046 1902 3094 columnam
