2040 3372
9 316 65 406 μβ.
89 334 175 380 ecc-2

248 130 312 177 84
450 156 455 162 -
934 135 998 186 68,
1029 135 1237 178 139-160

447 266 667 330 Coniugis
702 267 750 315 in
787 268 922 330 culpa
957 269 1229 331 flagrantem
1264 271 1502 332 concoquit
1535 270 1651 319 iram

344 343 410 382 140
518 334 727 382 Noscens
763 335 987 382 omniuoli
1022 336 1219 396 plurima
1254 338 1378 384 furta
1412 337 1550 384 louis.
1860 346 1926 386 100

0 393 427 482 Μάζιάμᾉῆβᾌωμ
445 402 618 462 Atquei
650 416 738 447 nec
773 402 892 448 diuis
925 403 1139 450 homines
1173 406 1445 465 componier
1478 418 1644 465 aequm
1681 411 1750 453 est

517 601 755 663 Ingratum
790 602 976 648 tremuli
1010 602 1120 649 tolle
1155 604 1361 665 parentis
1395 618 1529 651 onus.

447 667 543 715 Nec
577 675 733 714 tamen
770 668 845 715 illa
879 669 992 715 mihi
1027 670 1213 717 dem-stra
1248 671 1442 718 deducta
1476 679 1669 733 paterna

518 734 821 795 Fragrantem
856 736 1030 798 assyrio
1064 737 1195 783 uenit
1230 739 1371 785 odore
1407 738 1610 795 domum,

347 810 412 849 145
447 801 537 848 Sed
572 802 744 848 furtiua
779 802 904 849 dedit
937 804 1051 849 mira
1086 805 1361 851 munuscula
1396 811 1534 851 nocte
1861 812 1927 851 105

517 868 667 929 Ipsius
703 883 759 915 ex
792 869 894 930 ipso
931 869 1115 931 dempta
1150 871 1239 917 uiri
1274 871 1467 932 gremio.

447 935 602 990 Quare
636 935 748 982 illud
784 937 891 983 satis
927 943 1008 994 est,
1045 938 1082 984 51
1118 937 1254 985 1101115
1289 942 1329 985 is
1363 939 1498 985 datur
1531 938 1637 985 unis

519 1001 669 1056 Quem
703 1002 855 1064 lapide
889 1003 964 1050 illa
999 1004 1119 1052 diem
1155 1004 1419 1052 candidiore
1455 1012 1599 1052 notat.

448 1068 548 1116 Hoc
583 1068 668 1115 tibi
703 1069 828 1130 quod
864 1071 995 1132 potui
1034 1072 1298 1119 confectum
1334 1072 1539 1119 carmine
1573 1086 1742 1120 munus

347 1144 413 1183 150
519 1135 610 1182 Ρ10
646 1137 818 1194 multis,
854 1138 960 1195 Alli,
997 1138 1206 1186 redditur
1239 1139 1417 1196 officiis,
1861 1145 1928 1185 110

445 1203 514 1249 Ne
548 1210 758 1250 uestrum
792 1204 953 1251 scabra
987 1211 1146 1266 tangat
1179 1206 1394 1267 rubigine
1434 1220 1605 1253 nomen

520 1269 645 1317 Haec
680 1277 820 1331 atque
856 1271 930 1318 illa
966 1271 1063 1319 dies
1098 1279 1236 1333 atque
1271 1273 1358 1319 alia
1392 1279 1531 1335 atque
1565 1272 1665 1320 alia.

447 1336 549 1383 Huc
584 1337 757 1384 addent
791 1338 886 1384 diui
921 1353 1058 1399 quam
1094 1339 1306 1401 plurima,
1343 1354 1461 1401 quae
1496 1339 1683 1387 Themis
1716 1339 1827 1387 olim

518 1404 733 1464 Antiquis
768 1405 901 1452 solita
937 1412 1008 1453 est
1042 1420 1236 1453 munera
1271 1407 1394 1453 ferre
1429 1407 1539 1469 piis:

346 1478 411 1518 155
447 1469 559 1517 Sitis
593 1470 751 1518 felices
786 1478 832 1518 et
865 1478 918 1518 tu
953 1473 1090 1519 simul
1124 1480 1171 1520 et
1203 1480 1282 1519 tua
1316 1473 1415 1521 uita
1863 1479 1928 1520 115

520 1537 579 1583 Ε1
614 1538 794 1596 (10111115,
831 1538 879 1585 111
917 1554 1006 1600 qua
1041 1554 1124 1587 nos
1157 1540 1350 1587 lusimus
1385 1547 1431 1587 et
1465 1540 1664 1593 domina,

446 1603 506 1650 Et
541 1604 621 1665 qui
655 1605 887 1666 principio
924 1606 1061 1654 nobis
1094 1605 1127 1667 †
1159 1614 1331 1654 terram
1367 1607 1491 1654 dedit
1524 1608 1688 1665 aufert,

519 1672 556 1717 A
593 1685 685 1732 quo
721 1679 831 1718 sunt
864 1673 1014 1734 primo
1051 1675 1207 1721 omnia
1243 1681 1349 1720 nata
1383 1675 1524 1732 bona,

447 1737 506 1784 Et
540 1737 680 1799 longe
715 1745 823 1786 ante
860 1754 1023 1787 omnes
1056 1741 1169 1787 mihi
1207 1755 1324 1802 quae
1359 1755 1434 1788 me
1468 1740 1618 1787 carior
1651 1740 1753 1803 ipso
1789 1748 1872 1798 est,

347 1812 413 1851 160
521 1804 622 1851 Lux
655 1819 773 1863 mea,
810 1819 901 1867 qua
935 1806 1044 1854 uiua
1078 1807 1241 1854 uiuere
1276 1807 1408 1855 dulce
1442 1807 1553 1854 mihi
1590 1814 1672 1855 est.
1862 1815 1928 1854 120

385 1966 460 2005 139
491 1965 708 2016 concoquit
735 1965 833 2004 iram
861 1964 1183 2005 Laclimannus:
1212 1965 1443 2018 quotidiana
1472 1964 1686 2015 (cotidiana
1709 1965 1741 2005 0
1769 1965 1928 2015 [BCAD

247 2018 286 2058 V
314 2019 493 2057 continet
520 2019 619 2057 iram
650 2018 876 2058 Santenius
905 2019 1084 2059 condidit
1111 2020 1208 2058 iram
1237 2020 1408 2059 Pohlz'us
1446 2018 1628 2059 contudit
1654 2019 1752 2059 iram
1782 2019 1928 2059 Hertz-

248 2073 422 2121 bergius
449 2071 463 2123 ΙΙ
495 2073 569 2111 140
599 2072 703 2111 furta
733 2086 792 2110 av.-
821 2072 926 2112 facta
957 2073 1001 2113 V
1020 2073 1036 2123 ΙΙ
1067 2075 1137 2112 141
1169 2072 1302 2124 Atque
1324 2074 1373 2123 V,
1402 2075 1500 2112 hinc
1527 2072 1673 2124 Atquei
1703 2075 1930 2112 reuocaui:

246 2125 372 2176 Atqui
400 2125 471 2163 uel
494 2125 548 2164 At
577 2125 672 2176 quia
701 2139 736 2164 a>
763 2126 776 2176 Η
805 2137 1047 2178 componere
1078 2126 1122 2166 V
1142 2125 1157 2176 ΙΙ
1184 2128 1262 2177 equ
1284 2126 1339 2165 0*
1368 2138 1516 2178 equum
1537 2126 1571 2166 G
1598 2127 1612 2178 ΙΙ
1636 2130 1737 2177 post
1765 2128 1838 2168 141
1870 2127 1930 2166 la—

248 2190 401 2218 cunam
442 2179 651 2217 indicauit
688 2179 908 2218 Mar-cilius
949 2178 962 2228 ΙΙ
1006 2181 1082 2220 142
1118 2179 1315 2219 tremulist
1356 2180 1426 2219 1113
1459 2179 1755 2219 Lachmannus
1795 2179 1810 2231 n
1852 2181 1930 2222 143

249 2230 411 2271 tandem
431 2232 713 2271 Baehrensius
741 2232 831 2272 Non
853 2234 999 2272 etenim
1019 2233 1316 2272 Froelzlicliius
1341 2231 1355 2286 ΙΙ
1383 2233 1542 2273 dexstra
1569 2234 1742 2284 scripsi.-
1770 2232 1930 2273 deastra

251 2285 297 2326 V
331 2284 487 2325 decstra
529 2285 706 2324 Ellisius
747 2285 887 2326 dextra
932 2300 968 2325 co
1011 2286 1194 2326 claustris
1221 2308 1276 2315 —
1309 2286 1486 2339 paternis
1523 2286 1752 2325 Schoellius
1790 2287 1806 2339 ss
1850 2288 1928 2327 144

248 2338 505 2389 Flagrantem
537 2339 584 2389 V}
614 2338 668 2386 cf.
696 2341 733 2390 6,
759 2341 787 2379 8
826 2339 840 2392 ΙΙ
884 2342 959 2381 145
989 2343 1098 2380 1111113
1126 2341 1304 2392 Heysius
1344 2352 1431 2380 rara
1456 2341 1664 2390 Hauptius
1703 2339 1816 2391 nigra
1845 2354 1882 2380 ω
1914 2338 1930 2391 ΙΙ

251 2393 325 2433 147
357 2391 419 2432 1115
448 2392 541 2442 (hiis
565 2393 610 2442 O)
631 2391 703 2433 V*
729 2393 744 2446 ΙΙ
771 2405 874 2433 1111115
895 2408 930 2433 ω
957 2394 972 2444 ΙΙ
1005 2396 1078 2435 148
1100 2393 1184 2433 dies
1208 2394 1253 2434 V
1269 2392 1284 2443 ΙΙ
1313 2393 1499 2433 candiore
1522 2393 1592 2433 O*.
1639 2392 1766 2440 Quem
1794 2392 1928 2444 lapide

248 2445 318 2484 illa
347 2449 462 2485 notat
500 2446 742 2494 candidiore,
780 2446 867 2486 dies
894 2447 1177 2486 Baehrensz'us
1218 2448 1231 2496 H
1275 2449 1484 2488 149—160
1528 2460 1552 2486 a
1584 2446 1931 2498 praecedentibus

248 2502 470 2549 separauit
495 2499 659 2539 Riesius
685 2499 699 2552 ΙΙ
730 2501 805 2541 149
833 2500 917 2540 Ηο0
948 2501 1003 2541 G:
1031 2501 1137 2541 Haec
1165 2501 1232 2551 (h’)
1264 2501 1314 2539 0*
1341 2499 1357 2551 ΙΙ
1384 2513 1464 2552 quo
1492 2500 1682 2539 Muretus
1707 2497 1724 2551 ΙΙ
1752 2502 1827 2541 150
1847 2500 1929 2539 Alli

249 2551 467 2602 Scaliger:
504 2553 593 2592 aliis
623 2554 669 2594 V
701 2552 825 2592 Manli
854 2569 889 2592 ω
932 2554 945 2607 Η
991 2557 1065 2595 153
1094 2554 1310 2606 plurimaqe
1344 2554 1489 2594 themis
1520 2554 1552 2592 0
1590 2553 1604 2615 fl
1648 2555 1724 2594 155
1754 2552 1860 2593 Satis
1892 2553 1937 2594 V

249 2606 361 2645 seitis
396 2606 678 2646 Baehrensius
717 2606 731 2660 ΙΙ
771 2607 854 2646 uite
884 2607 929 2647 V
961 2607 977 2661 ΙΙ
1021 2610 1096 2650 156
1125 2620 1199 2647 1105
1227 2622 1289 2647 ω.·
1326 2620 1392 2647 om
1422 2607 1470 2648 V.
1525 2607 1602 2657 ipsl
1630 2607 1732 2657 (ipsa
1761 2620 1798 2646 ω
1839 2606 1927 2658 ipse

249 2659 456 2710 Scaliger)
500 2660 541 2698 in
570 2673 647 2712 qua
676 2662 970 2710 Pantagathus
1002 2662 1016 2712 ΙΙ
1056 2664 1130 2702 157
1161 2665 1202 2699 et
1230 2663 1305 2702 158
1335 2673 1483 2700 uersus
1505 2661 1705 2710 grauiter
1734 2662 1929 2712 corrupti

249 2713 427 2752 necdum
464 2717 616 2754 sanati.
671 2727 742 2754 uu.
771 2714 846 2754 457
874 2718 915 2752 et
940 2716 1018 2754 458
1044 2715 1303 2765 Doeringius
1338 2718 1389 2753 ut
1425 2715 1591 2764 spurios
1629 2714 1794 2754 deleuit.
1850 2713 1930 2753 alii

252 2766 302 2804 de
332 2767 510 2806 disticho
553 2769 599 2806 in
641 2769 772 2807 alium
809 2768 945 2807 locum
988 2769 1230 2808 collocando
1269 2770 1526 2819 cogitarunt.
1567 2765 1584 2820 ss
1627 2769 1702 2808 157
1741 2766 1858 2807 nobis
1887 2770 1927 2817 te

250 2819 453 2859 trandedit
482 2820 731 2872 (transdedit,
775 2821 937 2860 tradidit
975 2823 1066 2873 alii)
1096 2821 1287 2872 Scaliger
1328 2821 1444 2861 nobis
1481 2819 1683 2860 dominam
1718 2822 1926 2870 (teneram,

252 2884 382 2912 caram
412 2874 504 2923 alii)
533 2875 702 2913 aldinae
729 2874 929 2914 nobismet
957 2887 1064 2915 eram
1094 2887 1170 2925 ego
1201 2875 1299 2914 olim
1334 2875 1347 2925 Η
1384 2873 1527 2922 aufert]
1557 2872 1707 2914 Oufens
1735 2873 1927 2924 Scaliger

250 2924 380 2966 Anser
408 2927 587 2978 Heysius
613 2928 709 2968 Afer
728 2928 881 2967 Munro
911 2940 1062 2979 auspex
1082 2929 1249 2979 Lipsius
1277 2930 1415 2967 auctor
1435 2941 1470 2965 ω
1489 2926 1765 2966 Rossbachius
1792 2937 1814 2965 3
1844 2938 1924 2978 quo

252 2977 355 3017 Sunt
382 2980 510 3030 primo
540 2981 656 3021 nobis
685 2981 816 3021 omnia
846 2984 935 3020 nata
967 2982 1071 3022 bona
1102 2995 1137 3021 ω
1164 2981 1282 3031 Dum,
1313 2981 1382 3032 qui
1409 2980 1605 3032 principio
1634 2980 1750 3020 nobis
1780 2983 1924 3020 terram

251 3030 363 3071 dedit
390 3034 597 3084 (Iuppiter
614 3035 803 3085 scilicet),
831 3035 973 3086 aufert,
1001 3036 1036 3074 A
1064 3047 1144 3087 quo
1167 3035 1377 3075 Vahlenus
1402 3034 1415 3083 ΙΙ
1447 3035 1522 3075 158
1551 3034 1678 3084 primo
1706 3033 1760 3072 mi
1784 3034 1924 3086 Haup-

252 3087 336 3124 tius
362 3084 376 3135 ΙΙ
404 3086 511 3126 110110
541 3087 582 3127 V
607 3089 739 3128 omnia
766 3091 903 3129 nostra
931 3088 1038 3129 bona
1068 3088 1299 3128 Schoellius
1338 3087 1352 3140 ss
1397 3089 1472 3129 160
1500 3087 1620 3127 michi
1649 3086 1765 3127 dulce
1793 3090 1856 3127 est
1887 3087 1933 3127 V
