2040 3372
767 85 1080 126 TESTIMONIA
1622 88 1762 131 XVIIII

81 221 142 268 75
183 219 413 267 Guarinus
456 217 716 266 Veronensis
753 220 1122 281 (1370—1460)
1168 223 1218 267 in
1258 220 1444 282 epistula
1481 222 1531 268 de
1566 221 1758 271 Antonii

250 285 537 333 Panormitae
561 286 654 344 (nr.
679 286 758 345 73)
779 284 1154 347 Hermaphrodito
1173 288 1295 348 apud
1320 287 1592 343 Bandinum‚
1626 290 1753 337 catal.

244 352 366 400 codd.
393 352 468 398 lat.
495 351 685 398 laurent.
712 352 759 408 2,
795 352 905 400 106:
943 352 1046 413 plus
1070 353 1192 400 ualet
1216 353 1336 414 apud
1363 368 1435 399 me
1460 356 1754 402 conterranei

245 417 360 474 mei,
406 417 525 464 uatis
569 432 665 464 non
712 417 930 478 inlepidi,
978 419 1226 467 auctoritas
1262 433 1399 480 quam
1435 419 1756 481 imperitorum

244 484 418 531 clamor
443 518 453 530 .
481 518 492 529 .
520 519 530 530 .
557 519 568 530 .
593 490 644 530 ut
678 490 831 530 autem
865 483 920 530 ad
956 499 1107 532 meum
1147 493 1504 532 conterraneum
1532 494 1756 543 reuertar,

244 550 317 597 ille
342 550 467 596 hunc
492 550 539 596 in
565 550 753 596 modum
783 550 845 597 ait
873 545 1009 597 ‘Nam
1047 558 1223 599 castum
1246 579 1310 586 -
1336 552 1527 599 incitare
1552 546 1749 613 possint'

243 617 327 677 (=
369 615 460 663 Cat.
500 619 573 674 16,
602 616 764 675 5—9).
834 617 949 664 idem
994 621 1042 664 in
1085 618 1198 666 libro
1247 621 1322 665 cui
1364 621 1591 680 inscripsit
1626 619 1758 666 Anti-

238 685 429 745 poqyius
463 682 590 738 haec,
634 698 746 745 quae
794 697 851 730 ea·
896 684 1038 731 codice
1075 686 1162 732 541
1206 684 1400 732 biblioth.
1437 687 1638 732 uniuers.
1667 701 1755 747 pa-

245 751 428 796 tauinae
472 748 752 810 Detlefsenus
803 753 853 797 in
897 749 1167 798 Fleckeiseni
1215 751 1368 798 annal.
1406 751 1561 813 philol.
1611 752 1753 814 suppl.

246 816 290 872 8,
320 816 412 863 169
449 818 678 877 eoecerpsit,
714 816 774 863 ad
807 819 953 878 ipsum
982 816 1200 878 Poggium
1222 816 1535 865 Florentinum
1562 819 1755 865 derencit:

245 881 355 942 quid
381 881 436 928 de
454 882 605 942 poetis
623 881 837 940 dicerem,
863 883 917 929 de
937 882 1129 940 Catullo,
1157 883 1339 940 Ouidio,
1365 884 1568 942 Lucano,
1596 885 1754 942 Statio,

245 946 354 994 Silio
393 947 571 1006 Italico,
617 948 748 994 cuius
783 948 830 994 in
867 948 1018 994 lucem
1055 949 1320 996 reuertendi
1356 956 1517 996 auctor
1552 950 1754 997 extitisti.

244 1017 292 1061 in
338 1013 537 1075 epistulis
569 1017 745 1075 saepius
780 1015 953 1076 quidem
992 1014 1246 1062 Guarinum
1285 1015 1455 1062 Catulli
1485 1019 1756 1064 mentionem

242 1081 396 1141 secisse
431 1089 470 1127 et
505 1083 599 1127 eius
622 1094 781 1127 uersus
805 1081 1016 1141 quosdam
1041 1081 1253 1136 attulisse,
1289 1096 1508 1143 nusquam
1532 1090 1677 1129 autem
1706 1084 1756 1130 de

249 1145 423 1192 Catullo
459 1161 487 1192 a
510 1161 555 1192 se
578 1155 658 1193 aut
682 1147 909 1193 emendato
935 1155 1014 1193 aut
1037 1148 1309 1194 emendando
1337 1148 1501 1195 dimisse
1528 1147 1756 1208 Remigius

245 1210 541 1267 Sabbadinus,
578 1215 657 1273 qui
682 1211 882 1259 Guarini
908 1213 1118 1274 epistulas
1142 1214 1328 1261 edendas
1352 1214 1536 1275 colleyi‘t,
1571 1223 1756 1276 royatus

243 1278 448 1325 beneuole
472 1278 586 1325 mihi
606 1281 795 1340 scripsit.
839 1282 1056 1326 incertum
1081 1287 1145 1327 est
1168 1295 1276 1327 num
1302 1280 1490 1342 epistula
1514 1280 1755 1328 Ferrariae

247 1350 313 1387 VII
342 1343 429 1391 Ital.
455 1348 639 1405 auqusti
675 1346 799 1394 1456
830 1349 1009 1407 scripta,
1047 1362 1179 1408 quam
1202 1347 1315 1408 Eup.
1341 1346 1518 1394 Abelius
1553 1350 1602 1393 in
1639 1348 1754 1394 diar.

240 1425 392 1472 yymn.
417 1413 627 1458 austriac.
654 1413 731 1467 34,
761 1412 848 1459 161
878 1415 1099 1473 inteyram
1124 1414 1273 1467 edidit,
1302 1413 1436 1460 huius
1460 1416 1517 1460 sit
1545 1413 1754 1460 Guarini.

241 1479 369 1524 cuius
411 1477 623 1539 epistulae
667 1477 806 1525 uerba
852 1486 1053 1526 extrema
1091 1479 1193 1526 haec
1235 1487 1365 1526 sunt:
1411 1479 1638 1526 Catullum
1675 1479 1754 1526 ubi

241 1542 480 1589 meliorem
517 1543 698 1599 fecero,
734 1544 788 1590 ad
825 1545 1040 1606 proprios
1074 1545 1192 1593 lares
1225 1548 1430 1592 'remeare
1467 1546 1754 1607 compellam.

240 1609 422 1656 Interea
458 1624 531 1656 me
567 1610 649 1656 tibi
675 1610 907 1657 addictum
932 1612 1178 1672 complecti
1203 1624 1298 1658 non
1324 1612 1602 1672 dedigneris.
1662 1615 1757 1660 eius

244 1678 323 1738 qui
354 1675 468 1723 hanc
504 1677 740 1738 epistulam
773 1680 950 1739 scripsit
982 1693 1145 1725 nomen
1170 1681 1217 1725 in
1242 1679 1386 1726 codice
1414 1679 1531 1725 unde
1554 1686 1616 1725 est
1639 1680 1756 1726 edita

245 1742 373 1789 deest.
444 1743 519 1789 sed
559 1745 664 1790 ueri
696 1744 839 1790 simile
873 1753 937 1790 est
973 1743 1227 1791 Guarinum
1263 1744 1452 1791 alterum
1488 1751 1643 1792 utrum
1677 1751 1758 1792 aut

235 1815 414 1869 patrem
448 1817 528 1855 aut
552 1809 797 1870 Baptistam
820 1809 970 1870 filium
995 1825 1091 1857 eam
1116 1810 1292 1865 dedisse,
1329 1825 1596 1873 quamquam
1620 1818 1757 1858 utra-

245 1889 326 1936 que
361 1878 580 1922 sententia
616 1875 962 1936 difficultatibus
996 1876 1258 1937 quibusdam
1303 1877 1502 1923 obnoocia
1538 1885 1612 1923 est.
1682 1878 1757 1924 sed

242 1943 376 1987 etiam
411 1943 452 1987 si
474 1941 798 1988 concedendum
823 1950 931 1988 esset
954 1941 1190 2004 epistulam
1215 1958 1243 1988 a
1262 1949 1393 2003 patre
1416 1946 1627 2004 scriptam
1653 1958 1753 1998 esse,

241 2006 343 2052 inde
377 2006 495 2053 nihil
526 2009 637 2054 certi
669 2008 719 2054 de
750 2007 923 2054 Catullo
959 2024 987 2054 a
1015 2007 1217 2055 Guarino
1252 2007 1492 2055 Veronensi
1524 2009 1751 2056 emendato

239 2072 445 2119 concludi
469 2081 630 2134 posset.
690 2082 741 2120 ut
771 2077 809 2120 is
837 2073 1064 2121 Catullum
1093 2074 1320 2122 meliorem
1358 2074 1506 2134 facere
1539 2075 1627 2122 sibi
1641 2090 1756 2137 pro-

232 2141 450 2199 posuerit,
486 2142 643 2187 uirum
679 2148 775 2187 tum
818 2155 963 2187 annos
1009 2143 1232 2201 octoyinta
1276 2155 1355 2188 sea:
1389 2148 1548 2188 natum
1590 2140 1758 2189 Catulli

239 2206 475 2252 editionem
524 2209 761 2267 suscepisse
796 2214 836 2253 et
869 2207 1041 2268 finiisse
1075 2221 1214 2269 neque
1252 2210 1486 2270 quicquam
1518 2208 1679 2269 probat
1714 2216 1754 2255 et

241 2285 268 2317 a
298 2271 614 2332 probabilitate
657 2272 880 2320 abhorret.
939 2273 996 2332 cf.
1025 2273 1075 2320 de
1119 2273 1200 2321 hac
1235 2273 1422 2335 epistula
1457 2278 1591 2321 etiam
1627 2274 1752 2321 Rem.

242 2335 562 2392 Sabbadi,num
591 2341 755 2386 riuista
780 2341 828 2386 di
846 2339 956 2401 filol.
983 2339 1105 2386 class.
1137 2341 1210 2396 13,
1237 2342 1348 2390 266.
1396 2343 1464 2398 14,
1497 2341 1603 2387 179.
1630 2356 1675 2386 u.
1703 2355 1753 2388 ea

240 2417 407 2465 quoque
442 2420 552 2466 quae
588 2406 718 2465 infra
752 2421 824 2452 nr.
854 2407 911 2455 81
955 2407 1073 2453 dicta
1107 2415 1227 2453 sunt.

68 2470 131 2517 76
163 2461 349 2515 ‘Valerii
386 2470 548 2517 Catulli
578 2470 860 2519 Veronensis
895 2479 1057 2533 poetae
1094 2473 1233 2534 lynca
1260 2508 1270 2518 .
1299 2508 1310 2518 .
1338 2508 1347 2519 .
1374 2508 1384 2518 .
1445 2472 1546 2518 4lbi
1583 2471 1753 2518 Tibulli

233 2534 366 2614 liber,
393 2536 469 2597 qui
496 2536 636 2584 scribi
662 2537 833 2584 finierit
857 2538 944 2584 kal.
966 2538 1066 2585 Oct.
1094 2553 1218 2585 anno
1251 2541 1369 2587 1441
1400 2538 1584 2586 membr.
1608 2540 1647 2599 Γ.
1677 2539 1752 2585 &¹⁴⁶⁶

235 2593 320 2649 76²
349 2603 478 2651 catal.
506 2604 626 2651 codd.
654 2603 754 2651 bi.bl
782 2602 1150 2665 Luyd-Batauae
1175 2605 1331 2667 (Luqd.
1362 2605 1508 2664 1741)
1538 2619 1588 2665 p.
1618 2606 1746 2653 389⁸.

67 2667 127 2715 77
170 2665 384 2727 Cynthius
413 2669 662 2718 Genetensis
698 2670 878 2730 (floruit
911 2674 1030 2719 circa
1064 2687 1237 2719 annum
1267 2671 1411 2730 1450)
1441 2673 1489 2718 in
1525 2685 1750 2718 commen-

231 2737 351 2781 tario
387 2738 437 2782 in
481 2735 666 2798 Veryilii
696 2737 930 2784 Aeneidem
964 2743 1140 2800 saepius
1182 2738 1407 2786 Catullum
1444 2740 1614 2793 citaui,t
1650 2738 1747 2783 uel-

228 2803 301 2846 uti
341 2802 402 2849 ad
433 2802 538 2849 Aen.
571 2806 610 2857 1,
647 2804 674 2851 3
712 2805 948 2866 adscripsit
982 2804 1184 2852 Catullus
1223 2804 1502 2851 Veronensis
1527 2799 1748 2851 ‘lauinius

228 2858 356 2913 acer'
398 2869 475 2930 (cf.
518 2868 611 2916 Cat.
652 2870 868 2929 39,12):
915 2871 975 2917 ad
1011 2874 1052 2926 1,
1090 2874 1118 2919 4
1157 2868 1399 2918 Catullus‘
1413 2871 1536 2931 quod
1580 2885 1746 2916 zonam

230 2932 369 2979 soluit
410 2934 489 2982 diu
535 2928 738 2997 ligatam'
781 2935 896 2996 (Cat.
936 2938 979 2992 2,
1023 2938 1113 2998 13).
1178 2944 1412 3000 praeterea
1448 2937 1513 2984 ibi
1544 2939 1745 2984 citantur

233 2997 326 3046 Cat.
359 3002 430 3056 16,
458 3004 486 3049 5
523 3002 639 3048 Nam
674 3008 850 3050 castum
885 3002 1016 3050 decet
1041 3010 1084 3050 et
1108 3004 1236 3065 pium
1269 3009 1453 3065 poetam
1477 3005 1618 3062 et64,
1649 3004 1740 3051 113

1363 3080 1422 3120 b*
