2040 3372
740 793 923 834 INDEX
946 791 1169 833 LOCORV
1162 792 1211 831 M

583 887 804 944 QVIBVS
837 886 1222 934 SCRIPTORES
1254 885 1379 934 ALII

213 995 251 1034 A
281 993 505 1035 POETAE
531 991 762 1040 AETATE
787 990 874 1030 AD
900 989 1110 1030 ANNVM
1136 990 1428 1030 MCCCLXXV
1455 991 1498 1030 P.
1531 987 1644 1029 GHR.
1673 987 1727 1028 Ν.

347 1099 667 1149 CATVLLVM
698 1096 1204 1147 NOMINAVERVNT
1237 1096 1358 1144 AVT
1390 1095 1532 1143 EIVS

617 1178 847 1227 VERSVS
882 1176 1329 1235 CITAVERVNT.¹)

132 1344 156 1389 1
199 1345 352 1384 CICERO
395 1340 454 1387 ad
478 1338 532 1394 Q.
558 1340 622 1400 fr.
659 1337 740 1398 †2,
772 1339 846 1394 13,
883 1341 938 1386 4:
976 1338 1035 1398 cf.
1073 1338 1205 1398 infra
1240 1336 1298 1384 ad
1330 1335 1498 1384 Catulli
1532 1337 1610 1390 25,
1641 1339 1681 1384 1.

263 1407 323 1454 ad
355 1406 483 1454 Actio.
521 1405 635 1466 †13,
662 1406 740 1460 25,
767 1407 817 1454 3:
857 1406 915 1466 cf.
944 1405 1003 1451 acl
1043 1403 1137 1451 Cat.
1165 1405 1208 1458 3,
1235 1404 1279 1450 9.

75 1510 82 1520 .
131 1475 160 1521 2
199 1479 341 1517 VARRO
386 1474 436 1520 de
481 1472 590 1533 lz'nq.
636 1471 713 1518 lat.
753 1473 814 1531 [6‚
841 1473 893 1520 6:
940 1472 1000 1532 cf.
1043 1471 1135 1517 Cat.
1172 1471 1340 1532 fraqm.
1383 1470 1459 1528 10]
1648 1471 1691 1524 7,
1730 1471 1817 1517 50:

150 1562 152 1564 ’
269 1540 363 1587 Cat.
393 1541 470 1593 62,
512 1542 532 1586 1
571 1537 701 1597 (dicit
734 1537 1044 1597 Valerius).

129 1607 158 1654 3
198 1612 444 1651 CORNELIVS
480 1611 622 1650 NEPOS
661 1620 708 1652 u.
735 1605 820 1651 Att.
853 1606 927 1660 12,
953 1607 984 1652 4
1009 1604 1061 1651 L.
1090 1603 1257 1650 Iulium
1284 1602 1503 1659 Calidum,
1542 1615 1679 1662 quem
1714 1608 1821 1662 post

263 1671 467 1719 Lucretii
488 1671 812 1731 Catullique
837 1677 1036 1717 mortem
1060 1670 1205 1716 multo
1226 1668 1617 1730 elegantissimum
1636 1674 1821 1729 poetam

263 1743 467 1786 nostram
505 1739 664 1785 tulisse
700 1744 892 1784 aetatem
928 1751 1041 1783 uere
1078 1736 1240 1782 uideor
1274 1750 1412 1796 posse
1448 1735 1747 1781 contendere.

128 1809 159 1853 4
195 1811 374 1848 ASINIVS
408 1804 594 1865 (Pollio)
628 1805 675 1851 in
701 1803 1028 1850 Valerium:
1066 1802 1124 1861 cf.
1150 1802 1285 1849 huius
1322 1802 1482 1848 indicis
1505 1816 1576 1847 nr.
1605 1801 1682 1849 33.

129 1875 158 1919 5
199 1877 435 1916 VERGILIVS
470 1870 597 1918 catal.
624 1870 705 1931 †3,
738 1871 793 1917 6:
835 1869 928 1916 Cat.
956 1870 1033 1924 29,
1059 1870 1123 1916 24
1275 1872 1516 1926 <venenu
1544 1871 1816 1922 catalepta²):

262 1936 385 1974 catal.
413 1937 436 1975 8
469 1939 531 1974 est
550 1935 738 1986 parodia
768 1946 895 1973 carm.
926 1934 1012 1975 Cat.
1043 1936 1081 1973 4.
1145 1942 1402 1974 VERGILIVS.
1459 1933 1593 1970 Dirae
1619 1930 1821 1982 (Lydiap.

128 1993 158 2038 6
196 1996 419 2034 HORATIVS
456 1997 538 2037 sat.
569 1993 609 2045 1,
640 1992 712 2044 10,
743 1990 802 2037 19
850 2003 1002 2049 neque
1049 1987 1209 2035 simius
1255 1988 1340 2034 iste
1381 1987 1456 2034 Nil
1498 1992 1682 2048 praeter
1718 1985 1822 2033 Cal-

261 2070 371 2103 uom
407 2063 452 2103 et
488 2057 650 2103 doctus
686 2061 874 2102 cantare
911 2054 1206 2102 Catullum
1400 2058 1660 2112 (ΗοΕΛΤΝε.
1708 2066 1822 2097 MAE-

265 2131 407 2161 CENAS
429 2123 475 2159 in
506 2121 699 2160 Suetonii
725 2122 816 2159 uita
845 2121 1036 2159 Horatii:
1071 2118 1131 2159 Ni
1165 2122 1203 2157 te
1230 2120 1462 2158 uisceribus
1498 2120 1623 2165 meis,
1653 2117 1820 2168 Horati,

262 2174 359 2212 Plus
386 2176 472 2212 iam
502 2174 634 2224 diligo
663 2178 737 2213 etc.
750 2190 764 2212 .·
793 2172 848 2220 cf.
881 2173 966 2213 Cat.
1001 2175 1062 2222 14,
1095 2171 1147 2223 1>.

239 2321 276 2368 1)
305 2320 356 2359 In
387 2319 487 2359 locis
513 2322 572 2357 eis
601 2331 779 2370 quorum
807 2320 936 2357 uerba
974 2317 1095 2365 infra
1131 2318 1188 2356 ad
1215 2320 1348 2357 certos
1379 2316 1532 2356 Catulli
1558 2328 1705 2355 uersus
1731 2317 1819 2354 iam

127 2376 296 2412 enotata
315 2385 400 2412 non
419 2375 573 2412 iterum
593 2377 638 2411 in
658 2374 769 2411 hunc
787 2374 968 2411 indicem
989 2373 1240 2422 transcripsi
1253 2373 1357 2410 scito
1373 2374 1542 2420 poetam
1556 2370 1644 2408 solo
1662 2368 1819 2408 Catulli

127 2428 375 2476 cognomine
403 2427 658 2477 appellatum
677 2439 772 2475 esse,
800 2428 838 2464 si
865 2425 976 2464 nihil
998 2425 1119 2464 aliud
1138 2425 1384 2464 adnotatum
1406 2427 1477 2464 est.
1526 2423 1649 2461 Locis
1671 2423 1820 2472 quibus

122 2482 248 2529 poeta
286 2492 371 2518 non
406 2481 654 2518 nominatur
689 2491 799 2517 crux
822 2480 876 2528 (†)
907 2478 1104 2529 praefioea
1140 2482 1210 2517 est.
1266 2477 1371 2516 Loci
1404 2479 1478 2527 qui
1509 2475 1670 2514 Catullo
1707 2473 1817 2521 falso

128 2534 376 2572 tribuuntur
402 2535 522 2572 uncis
550 2535 676 2571 rectis
705 2534 718 2580 [
771 2535 785 2580 ]
814 2532 969 2571 inclusi
995 2535 1105 2570 sunt.

236 2587 275 2635 2)
310 2586 418 2624 Huic
451 2586 586 2624 indici
623 2597 767 2624 eorum
802 2597 965 2635 quoque
1001 2587 1256 2635 scriptorum
1292 2583 1363 2622 uel
1396 2595 1542 2622 earum
1578 2584 1819 2632 poematum

128 2639 419 2678 collectionum
446 2641 493 2678 in
523 2640 673 2689 quibus
702 2641 840 2677 certae
871 2638 1024 2678 Catulli
1052 2639 1308 2677 imitationes
1343 2638 1617 2688 reperiuntur
1643 2637 1817 2674 nomina

126 2694 290 2730 inserui
317 2693 468 2732 litteris
496 2694 679 2731 cursiuis
705 2693 939 2731 minoribus
966 2693 1167 2742 impressa
1196 2694 1238 2729 et
1263 2692 1383 2730 uncis
1409 2689 1589 2740 obliquis
1616 2687 1635 2740 <
1690 2686 1709 2739 >
1738 2689 1819 2726 cir-

127 2745 340 2785 cumdata.
393 2749 564 2797 praeter
591 2747 762 2784 nomina
790 2747 884 2795 ipsa
913 2747 981 2784 liic
1018 2745 1109 2783 illic
1139 2746 1264 2783 certis
1293 2744 1342 2782 de
1372 2745 1529 2781 caussis
1559 2742 1669 2780 locos
1698 2753 1818 2790 quos-

127 2798 224 2836 dam
245 2798 393 2840 adieci.
442 2800 634 2837 asterisci
659 2798 731 2837 uel
755 2810 864 2837 unus
892 2799 963 2837 uel
980 2798 1061 2837 duo
1081 2798 1151 2836 uel
1173 2802 1253 2837 tres
1277 2798 1515 2836 nominibus
1532 2795 1672 2834 additi
1685 2795 1819 2843 signi·

125 2850 260 2898 licant
286 2853 562 2891 imitationem
591 2852 866 2891 catullianum
902 2853 948 2890 in
983 2851 1056 2889 illo
1085 2853 1291 2901 scriptore
1321 2862 1527 2900 apparere
1555 2847 1818 2898 frequentem

127 2903 197 2942 uel
231 2902 561 2954 frequentiorem
597 2906 668 2944 nel
702 2903 1094 2955 frequentissimam.
1151 2907 1197 2942 in
1233 2904 1510 2954 scriptoribus
1540 2913 1717 2952 quorum
1744 2912 1818 2940 no-

126 2958 307 2996 minibus
332 2970 385 2996 ne
410 2970 520 2997 unus
548 2959 713 3008 quidem
742 2960 966 2997 asteriscus
993 2958 1232 3008 adscriptus
1267 2961 1327 2996 est
1361 2957 1544 2995 imitatio
1584 2954 1818 2994 catulliana

127 3022 230 3048 rara
259 3011 328 3048 uel
351 3013 571 3050 rarissima
600 3013 822 3062 reperitur.
