2040 3372
162 84 198 124 X
853 83 1169 127 TESTIMONIA

337 222 412 276 14,
455 221 546 269 152
582 219 777 267 Lodices
821 221 972 268 mittet
1018 222 1143 269 docti
1184 222 1268 270 tihi
1312 229 1435 270 terra
1472 223 1691 270 Catulli

337 288 412 343 14,
443 287 534 335 195
572 286 811 347 (Catullus)
838 287 1039 335 Tantum
1075 303 1243 348 magna
1275 304 1359 337 suo
1384 289 1522 337 debet
1545 289 1730 336 Verona
1755 289 1860 337 Ca-

330 353 505 470 tullo>
524 353 761 408 Quantum
797 369 942 416 parua
978 370 1063 402 suo
1088 355 1275 402 Mantua
1311 356 1510 418 Vergilio
1656 360 1862 414 <***MAR-

336 427 517 459 rums.

163 474 227 521 20
266 479 448 518 PLINIVS
486 476 609 536 epist.
641 475 682 531 1,
712 475 787 531 16,
815 476 843 521 5
868 479 1109 535 praeterea
1134 473 1392 536 (Pompeius
1420 473 1716 536 Saturninus)
1752 475 1862 524 facit

330 555 495 587 uersus
530 539 689 600 quales
713 539 986 588 Catullus
1020 547 1100 588 aut
1124 541 1306 599 Caluus,
1343 556 1395 588 re
1430 557 1544 589 uera
1572 541 1732 604 quales
1757 543 1862 590 Ca-

331 607 519 654 tullus
564 613 642 653 aut
687 606 868 654 Caluus.
941 615 1169 668 quantum
1212 607 1301 655 illis
1346 608 1542 670 leporis,
1586 608 1861 667 dulcedinis,

333 673 665 730 amaritudinis,
704 674 899 721 amoris!
937 674 1100 722 inserit
1123 689 1248 732 sane,
1285 675 1366 722 sed
1391 676 1495 722 data
1520 690 1674 737 opera,
1709 675 1862 723 molli-

331 740 420 788 bus
454 739 733 801 lcuibusque
768 740 1063 788 duriusculos
1098 741 1345 802 quosdam,
1395 749 1440 788 et
1484 743 1574 790 hoc
1610 742 1741 803 quasi
1777 742 1863 790 Ca-

330 807 473 854 tullus
508 813 588 853 aut
622 806 789 853 Caluus
948 810 993 864 4,
1038 811 1111 863 14,
1151 811 1204 856 5:
1246 808 1340 855 Cat.
1383 811 1457 865 16,
1485 812 1514 857 5
1707 816 1864 854 SERIVS

337 880 594 918 AVGVRINVS
638 876 689 919 in
726 873 847 921 Plin.
885 889 950 935 ep.
978 877 1023 932 4,
1050 876 1128 930 27,
1155 877 1185 922 4
1226 874 1370 922 Canto
1407 876 1614 923 carmina
1648 876 1864 924 uersibus

333 939 525 987 minutis
560 939 644 987 His
690 940 799 987 olim
838 940 1006 1002 quibus
1048 947 1093 988 et
1126 955 1259 989 meus
1296 941 1566 990 Catullus
1599 941 1661 990 Et
1695 942 1864 991 Caluus

331 1013 623 1068 ueteresque.

164 1075 221 1121 21
268 1080 451 1120 TAGITVS
496 1089 606 1121 ann.
645 1077 689 1129 4,
729 1075 792 1123 34
840 1075 1045 1121 carmina
1092 1074 1299 1122 Bibaculi
1343 1081 1389 1121 et
1426 1075 1645 1123 Catulli
1690 1076 1863 1124 referta

333 1141 628 1189 contumeliis
665 1140 910 1187 Caesarum
946 1142 1184 1202 leguntur.

164 1208 227 1254 22
266 1215 509 1253 IVVENALIS
544 1206 623 1267 †6,
661 1208 716 1254 7:
761 1207 856 1255 Cat.
895 1210 939 1266 3,
982 1211 1056 1256 17.
1100 1209 1173 1257 18.

163 1275 225 1321 23
264 1282 513 1319 SVETONIVS
555 1277 606 1321 in
640 1273 830 1321 Hieron.
868 1274 1021 1322 chron.
1060 1276 1119 1322 ad
1153 1274 1258 1321 Abr.
1295 1288 1403 1321 ann.
1446 1275 1573 1324 1930
1611 1275 1654 1322 h.
1691 1290 1727 1323 e.
1766 1277 1860 1325 667

331 1342 385 1389 ab
421 1357 469 1388 u.
507 1340 644 1402 c.l87
682 1356 724 1387 a.
765 1340 869 1388 Chr.
907 1357 981 1389 n..·
1033 1341 1208 1389 Gaius
1244 1340 1524 1390 Valerius
1559 1341 1862 1400 Catullus,

331 1409 534 1470 scriptor
557 1407 743 1470 lyricus,
780 1408 993 1455 Veronae
1028 1409 1237 1456 nascitur
1371 1408 1431 1456 ad
1463 1408 1568 1455 Abr.
1593 1423 1703 1456 ann.
1736 1410 1862 1458 1959

333 1475 501 1535 (1960)
521 1475 561 1522 h.
576 1490 611 1522 e.
627 1475 723 1524 696
746 1475 880 1534 (697)
900 1475 953 1523 ab
972 1491 1019 1522 u.
1033 1479 1096 1534 c.l
1112 1477 1172 1525 58
1193 1477 1298 1537 (57)
1321 1490 1362 1522 a.
1382 1474 1483 1522 Chr.
1504 1489 1578 1522 n..·
1600 1475 1864 1524 Catullus

332 1558 423 1589 xxx
447 1543 607 1590 aetatis
633 1557 757 1588 anno
783 1542 957 1589 Romae
981 1543 1181 1589 moritur
1204 1561 1206 1563 ’
1317 1543 1408 1590 diu.
1429 1541 1516 1588 Iul.
1540 1543 1603 1590 73
1631 1542 1865 1590 Valerium

334 1609 651 1666 Catullum,
682 1624 705 1655 a
737 1624 830 1670 quo
859 1609 947 1656 sibi
966 1609 1211 1657 uersiculis
1235 1609 1291 1656 de
1309 1609 1540 1655 Mamurra
1563 1609 1642 1669 (cf.
1669 1609 1763 1657 Cat.
1783 1610 1862 1658 29.

334 1677 415 1735 57)
454 1682 680 1738 perpetua
716 1676 929 1736 stigmata
965 1677 1179 1737 imposita
1215 1691 1310 1722 non
1338 1676 1720 1734 dissimulauerat,
1756 1676 1865 1724 satis

333 1743 580 1790 facientem
627 1744 784 1789 eadem
834 1743 906 1790 die
952 1743 1162 1790 adhibuit
1207 1757 1351 1791 cenae
1387 1742 1684 1804 hospitioque
1719 1743 1864 1804 patris

335 1810 446 1867 eius,
485 1811 605 1857 sicut
641 1817 903 1867 consuerat,
941 1811 1010 1857 uti
1045 1809 1377 1872 perseuerauit.

163 1878 228 1924 24
269 1884 458 1921 GELLIVS
506 1878 580 1933 19,
616 1878 662 1934 9,
701 1878 728 1924 7
769 1876 952 1933 (Graeci
978 1877 1180 1940 plusculi
1210 1875 1442 1924 Iulianum
1477 1874 1717 1935 rhetorem)
1754 1889 1864 1937 per-

335 1943 650 1990 contabantur
675 1944 785 2004 quid
805 1945 861 1990 de
881 1946 1176 1991 Anacreonte
1197 1943 1460 2004 ceterisque
1481 1942 1528 1988 id
1547 1956 1696 2004 genus
1713 1943 1865 2003 poetis

334 2010 528 2057 sentiret
564 2016 610 2056 et
644 2010 805 2070 ecquis
842 2017 1111 2057 nostrorum
1146 2016 1389 2073 poetarum
1417 2017 1511 2056 tam
1540 2009 1739 2055 fluentes
1762 2023 1865 2056 car-

334 2077 514 2123 minum
540 2076 727 2124 delicias
753 2076 970 2124 fecisset?
1002 2072 1113 2125 ‘nisi
1139 2069 1428 2124 Catullus³
1469 2075 1693 2136 inquiunt
1718 2073 1864 2122 ‘forte

334 2158 479 2205 pauca
518 2151 563 2190 et
599 2143 768 2191 Caluus
814 2144 973 2190 itidem
1014 2159 1176 2206 pauca.
1248 2145 1361 2191 Nam
1399 2142 1598 2190 Laeuius
1645 2142 1864 2203 inplicata

336 2218 382 2258 et
415 2211 694 2258 Hortensius
729 2211 979 2258 inuenusta
1016 2218 1062 2258 et
1099 2212 1246 2258 Cinna
1292 2210 1496 2271 inlepida
1541 2215 1588 2255 et
1621 2207 1865 2256 Memmius

334 2277 449 2324 dura
486 2292 538 2324 ac
575 2278 796 2338 deinceps
833 2292 998 2325 omnes
1034 2279 1165 2325 rudia
1200 2278 1415 2324 fecerunt
1450 2283 1496 2323 et
1531 2274 1707 2322 absona

337 2347 380 2401 6,
402 2346 480 2401 20,
509 2346 538 2392 6
562 2344 856 2404 (Catullus
881 2345 1250 2406 elegantissimus
1275 2350 1537 2405 poetarum,
1573 2342 1735 2389 ibidem
1763 2341 1866 2389 Gel-

334 2411 423 2458 lius
453 2409 623 2458 Catulli
655 2411 798 2458 libros
834 2413 890 2458 de
928 2412 1161 2473 corruptis
1198 2409 1539 2472 exemplaribus
1574 2409 1720 2455 factos
1745 2423 1866 2456 com-

335 2479 595 2539 memorat):
625 2477 721 2525 Cat.
749 2479 827 2535 27,
857 2482 880 2526 1
1023 2480 1067 2536 7,
1100 2481 1182 2527 16:
1212 2477 1307 2525 Cat.
1336 2478 1414 2535 92,
1447 2480 1468 2524 1
1580 2481 1750 2533 <titulus
1778 2481 1865 2520 Au-

330 2547 483 2592 gustae
503 2543 757 2581 Ausciorum
783 2557 820 2582 a.
841 2544 941 2584 1865
970 2547 1163 2593 repertus
1180 2542 1250 2593 (efi
1271 2543 1515 2583 Wilmansiz·
1542 2541 1719 2591 exempl.
1736 2543 1862 2580 inser.

338 2597 407 2636 lat.
437 2609 502 2634 nr.
523 2598 635 2646 584):
669 2597 803 2646 Quam
832 2597 967 2635 dulcis
994 2595 1084 2643 fuit
1110 2599 1206 2647 ista,
1236 2608 1361 2646 quam
1390 2597 1597 2645 benigna!
1626 2594 1743 2643 Quae
1771 2606 1866 2632 cum

333 2652 513 2700 uiueret,
541 2653 587 2688 in
606 2653 704 2689 sinu
724 2652 890 2689 iaccbat
914 2650 1062 2689 Somni
1084 2651 1252 2689 conscia
1271 2661 1432 2700 semper
1454 2652 1495 2686 et
1516 2647 1678 2687 cubilis.
1724 2647 1756 2686 0
1775 2647 1866 2695 fac-

337 2706 424 2740 tum
445 2703 565 2753 male,
581 2703 712 2755 Myia,
739 2703 851 2753 quod
872 2706 1047 2754 peristi!
1073 2704 1275 2742 Latrares
1295 2702 1430 2750 modo,
1451 2705 1488 2740 si
1511 2703 1604 2752 quis
1628 2702 1866 2750 accubaret,

336 2755 500 2794 Riualz’s
525 2758 720 2796 dominae
745 2758 976 2798 licentiosa.
1026 2757 1057 2796 0
1084 2756 1247 2803 factum
1273 2756 1394 2806 male,
1422 2755 1540 2807 Myia
1563 2755 1676 2805 quod
1693 2756 1863 2805 peristi!

335 2808 478 2847 Altum
506 2812 592 2848 iam
622 2814 733 2849 tenet
770 2812 946 2850 insciam
973 2811 1237 2861 sepulcrum:
1272 2808 1360 2848 Nec
1386 2811 1525 2847 seuire
1546 2811 1668 2858 poles
1695 2819 1772 2846 nec
1799 2809 1864 2845 in-

336 2861 453 2900 silire
482 2862 568 2901 Nec
598 2864 762 2903 blandis
790 2865 897 2903 milri
922 2865 1131 2903 morsibus
1158 2863 1346 2902 renides:
1391 2860 1446 2908 cf.
1472 2862 1558 2901 Cat.
1584 2873 1617 2901 c.
1642 2863 1665 2901 2
1697 2865 1736 2900 ec
1765 2858 1862 2909 3>¹).

279 2983 314 3031 1)
355 2982 517 3030 [titulus
554 2985 600 3020 in
641 2983 738 3023 CIL.
771 2986 808 3032 6,
839 2985 875 3032 5,
906 2982 1035 3024 3461*
1071 2988 1139 3033 (=
1167 2983 1293 3022 Anllz.
1325 2982 1397 3022 lat.
1426 2982 1665 3021 Burmanni
1702 2982 1740 3028 4,
1771 2981 1863 3030 406,

163 3033 326 3087 Meyerz'
362 3047 428 3075 nr.
463 3037 579 3085 1459)
618 3037 667 3074 de
716 3037 895 3076 luscinia
933 3041 1101 3076 mortua
1142 3036 1279 3075 editus
1317 3035 1387 3075 Dis
1426 3034 1581 3074 auibus.
1652 3033 1863 3074 Lusciniae
