2040 3372
262 91 327 138 90
937 96 1001 147 82,
1032 96 1176 148 1—84‚
1205 97 1253 138 12

260 225 330 282 82
465 226 643 296 Quinti,
679 228 718 276 si
754 228 838 276 tibi
872 229 944 276 uis
980 230 1140 278 oculos
1175 231 1343 278 debere
1379 231 1605 279 Catullum

531 296 623 342 Aut
655 295 779 343 aliud
813 296 965 356 siquid
1002 297 1152 344 carius
1187 306 1257 345 est
1292 298 1453 355 oculis,

463 360 658 423 Eripere
693 363 735 409 ei
772 362 867 408 noli
902 362 1047 409 multo
1084 365 1207 424 quod
1241 365 1392 412 carius
1425 365 1491 411 illi

530 428 614 476 Est
649 429 794 476 oculis
829 443 912 476 seu
949 429 1058 491 quid
1094 431 1246 478 carius
1282 438 1352 479 est
1386 431 1546 479 oculis.

257 611 327 666 83
463 610 639 663 Lesbia
674 613 738 660 mi
773 621 1018 675 praesente
1053 616 1156 663 uiro
1191 616 1308 663 mala
1343 616 1543 677 plurima
1576 615 1710 663 dicit:

528 681 652 727 Haec
687 680 752 727 illi
786 681 912 728 fatuo
948 683 1144 729 maxima
1178 682 1346 730 laetitia
1384 690 1465 730 est.

462 747 599 804 Mule,
636 747 750 794 nihil
785 748 944 795 sentis.
1014 749 1052 796 si
1088 750 1235 797 nostri
1271 749 1412 796 oblita
1445 756 1633 808 taceret,

529 814 650 861 Sana
685 822 826 861 esset:
865 830 993 862 nunc
1029 817 1153 877 quod
1187 816 1351 877 gannit
1385 823 1432 862 et
1466 815 1746 876 obloquitur,

404 888 426 926 5
461 880 564 927 Non
602 881 753 928 solum
788 882 1015 939 meminit,
1052 883 1147 941 sed,
1186 897 1302 944 quae
1338 882 1482 929 multo
1518 883 1668 930 acrior
1702 890 1772 932 est
1805 898 1896 942 res,

528 947 647 994 Irata
684 955 774 995 cst:
811 948 900 995 hoc
936 955 1018 1007 est,
1054 950 1206 997 uritur
1240 957 1286 997 et
1319 949 1546 1011 coquitur.

255 1130 325 1185 84
461 1130 745 1183 Chommoda
782 1133 978 1191 dicebat,
1013 1135 1051 1182 si
1089 1135 1273 1196 quando
1309 1135 1550 1182 commoda
1583 1135 1725 1184 uellet

528 1201 707 1259 Dicere,
745 1207 790 1247 et
825 1201 1014 1248 insidias
1049 1202 1210 1249 Arrius
1244 1202 1477 1259 hinsidias,

459 1266 518 1314 Et
551 1275 650 1314 tum
685 1267 877 1314 mirifice
913 1268 1128 1331 sperabat
1162 1284 1211 1316 se
1247 1284 1347 1316 esse
1381 1269 1587 1315 locutum

527 1333 642 1381 Cum
680 1342 905 1395 quantum
941 1342 1122 1397 poterat
1157 1335 1333 1382 dixerat
1365 1335 1599 1383 hinsidias.

403 1407 425 1446 5
462 1400 624 1458 Credo,
661 1401 727 1447 sic
762 1411 921 1460 mater,
958 1402 1024 1448 sic
1058 1402 1176 1448 liber
1211 1403 1472 1450 auunculus
1509 1403 1620 1461 eius,

526 1468 603 1514 Sic
637 1474 876 1515 maternus
913 1483 1027 1515 auus
1063 1469 1238 1515 dixerat
1273 1477 1411 1530 atque
1445 1470 1561 1516 auia.

460 1533 558 1581 Hoc
593 1535 731 1582 misso
768 1535 814 1581 in
855 1535 1031 1598 Syriam
1066 1536 1335 1597 requierant
1370 1536 1586 1584 omnibus
1620 1551 1780 1585 aures:

523 1600 760 1648 Audibant
794 1602 954 1648 eadem
990 1602 1104 1649 haec
1139 1603 1308 1649 leniter
1344 1610 1389 1649 et
1422 1603 1602 1661 leuiter,

455 1667 551 1714 Nec
586 1668 677 1715 sibi
712 1668 896 1729 postilla
930 1669 1201 1716 metuebant
1234 1669 1339 1716 talia
1374 1669 1534 1726 uerba,

376 1741 421 1781 10
525 1734 638 1781 Cum
674 1735 826 1782 subito
863 1735 1056 1782 affertur
1090 1736 1284 1783 nuntius
1318 1736 1552 1783 horribilis

455 1801 612 1848 Ionios
647 1802 829 1863 fluctus,
866 1810 1113 1864 postquam
1148 1803 1258 1850 illuc
1284 1803 1446 1850 Arrius
1481 1803 1604 1861 isset,

521 1867 616 1914 Iam
652 1884 748 1916 non
785 1869 937 1917 ionios
973 1885 1086 1929 esse,
1122 1871 1203 1918 sed
1237 1870 1431 1918 hionios.

385 2027 442 2069 82
471 2028 750 2067 Interstitium
776 2028 940 2067 nullum
962 2028 1006 2068 V
1017 2027 1030 2080 H
1050 2030 1073 2068 2
1094 2027 1183 2068 And
1203 2029 1260 2067 O*
1284 2029 1299 2082 ΙΙ
1326 2033 1352 2070 4
1371 2028 1404 2069 si
1424 2029 1634 2068 Auaniius
1653 2029 1711 2069 sei
1726 2028 1937 2079 Bergkius

387 2079 445 2123 83
473 2081 753 2120 Interstitium
780 2082 944 2120 nullum
967 2082 1011 2122 V
1029 2082 1043 2134 ΙΙ
1083 2084 1106 2122 2
1136 2081 1217 2122 Hec
1245 2083 1296 2132 (h’
1321 2083 1352 2121 0
1370 2101 1422 2115 =
1442 2083 1532 2132 hec)
1555 2082 1601 2122 V
1621 2083 1676 2130 [D
1703 2083 1834 2123 Laur.
1861 2085 1933 2132 55,

250 2135 340 2183 42]:
390 2134 488 2182 [Hoc
519 2135 683 2183 CHLA]
725 2133 739 2186 ΙΙ
785 2135 919 2174 leticia
950 2135 989 2175 V
1021 2135 1035 2187 Η
1079 2137 1101 2175 3
1131 2135 1255 2175 Mulle
1287 2135 1320 2175 G
1358 2135 1373 2189 ΙΙ
1414 2138 1439 2175 4
1469 2135 1600 2175 Samia
1633 2135 1666 2175 G
1713 2135 1846 2176 Sanna
1877 2137 1935 2175 0*

250 2187 403 2237 [Samia
433 2191 474 2226 et
500 2189 546 2226 in
573 2200 708 2238 marg.
738 2187 780 2228 al
807 2200 902 2227 sana
933 2189 981 2237 L]
1016 2187 1031 2241 ΙΙ
1067 2191 1091 2230 6
1121 2188 1158 2228 h'
1186 2191 1252 2239 (=
1280 2189 1394 2240 haec)
1427 2189 1483 2228 O*
1522 2188 1536 2242 ΙΙ
1578 2189 1702 2229 oritur
1733 2189 1789 2228 0*
1816 2189 1831 2242 ss
1867 2201 1934 2230 co-

251 2241 387 2294 quitur
414 2241 604 2292 Lipsius:
631 2241 810 2293 loquitur
837 2242 882 2281 V

387 2293 446 2337 84
473 2295 752 2334 Interstitium
778 2295 940 2334 nullum
978 2295 1027 2335 V.
1059 2295 1348 2344 Quintilianus
1374 2298 1507 2335 instit.
1537 2299 1643 2336 orat.
1671 2297 1708 2346 4,
1726 2298 1765 2345 5,
1782 2298 1861 2336 20.·
1898 2295 1932 2336 Η

249 2348 410 2388 litterae
438 2348 541 2387 ratio
571 2351 723 2388 mutata
754 2360 844 2388 cum
875 2349 1123 2400 temporibus
1153 2353 1215 2389 est
1234 2350 1407 2401 saepius.
1454 2350 1686 2401 parcissime
1706 2361 1753 2389 ea
1773 2355 1932 2390 ueteres

250 2402 313 2442 usi
342 2402 464 2440 etiam
502 2402 543 2440 in
571 2401 803 2449 uocalibus,
842 2415 932 2442 cum
971 2402 1123 2442 oedos
1166 2404 1400 2455 ircosque
1436 2403 1633 2443 dicebant.
1685 2402 1754 2443 diu
1789 2402 1932 2444 deinde

251 2458 456 2495 seruatum
476 2467 527 2495 ne
548 2456 863 2495 consonantibus
885 2456 1146 2508 adspirarent,
1174 2461 1220 2496 ut
1238 2458 1278 2496 in
1297 2456 1389 2496 Gra
1402 2457 1507 2496 ccis
1536 2460 1577 2496 et
1596 2456 1637 2495 in
1668 2457 1930 2509 triumpis:

251 2508 382 2560 erupit
425 2509 539 2548 breui
581 2514 761 2560 tempore
803 2509 948 2549 nimius
990 2522 1108 2558 usus,
1156 2514 1201 2549 ut
1244 2510 1497 2550 choronae
1543 2510 1930 2550 chenturiones

249 2562 570 2612 praechones
613 2562 742 2602 adhuc
784 2563 1023 2613 quibusdam
1064 2563 1391 2614 inscriptionibus
1433 2566 1641 2613 maneant,
1685 2575 1763 2615 qua
1801 2562 1851 2603 de
1888 2576 1931 2604 re

249 2615 395 2655 Catulli
425 2616 561 2655 nobile
589 2617 832 2668 epigramma
862 2620 923 2655 est
964 2617 977 2668 ΙΙ
1022 2620 1040 2656 1
1074 2616 1288 2656 Commoda
1319 2617 1357 2657 V
1396 2617 1411 2670 ΙΙ
1452 2618 1475 2656 2
1505 2616 1630 2656 arrius
1661 2616 1692 2655 0
1730 2615 1930 2666 [CDLP]:

251 2668 372 2707 assius
396 2669 428 2708 G
450 2670 550 2718 [AB,
579 2671 686 2709 arius
705 2671 751 2708 A
781 2670 918 2710 Vatia.
939 2670 1040 2710 4650
1071 2671 1177 2710 aruis
1196 2671 1255 2719 H]
1286 2670 1298 2722 ΙΙ
1328 2670 1535 2718 hinsidias]
1566 2669 1731 2709 insidias
1760 2669 1811 2710 he
1839 2670 1930 2720 (hee

253 2722 300 2768 0)
334 2722 407 2762 V*
449 2722 629 2771 [insidias
658 2723 758 2762 haec
787 2723 901 2772 (haec
931 2726 1036 2762 mihi
1057 2724 1280 2762 uidebatur
1299 2737 1384 2762 esse
1403 2724 1668 2773 correctoris)
1686 2723 1735 2774 L,
1762 2723 1945 2764 insidias·

250 2778 394 2824 ceteri]
437 2775 452 2827 ΙΙ
493 2778 516 2816 3
546 2780 587 2814 et
614 2779 639 2816 4
671 2780 770 2827 post
795 2777 842 2815 40
874 2777 1067 2816 collocati
1103 2779 1150 2815 in
1179 2778 1218 2817 V
1255 2776 1270 2829 ss
1317 2779 1343 2816 4
1378 2776 1544 2816 insidias
1574 2777 1619 2816 V
1653 2777 1666 2825 Η
1709 2780 1731 2818 5
1761 2777 1863 2816 liber
1893 2777 1940 2817 V

251 2829 539 2868 Passeratius:
568 2829 685 2869 Liber
714 2844 749 2868 ω
779 2829 936 2869 Cimber
963 2831 1158 2869 Heinsius
1186 2830 1334 2870 Vmber
1361 2830 1523 2870 Riesius
1563 2828 1577 2881 ΙΙ
1619 2829 1675 2869 ei‘)
1698 2833 1759 2870 est
1790 2831 1836 2870 V
1851 2829 1866 2883 ΙΙ
1904 2833 1926 2870 7

248 2880 291 2920 Η’
322 2884 388 2932 (=
407 2882 502 2932 Hec)
536 2884 566 2921 0
596 2885 647 2931 [P
668 2883 798 2922 Laur.
818 2885 888 2933 55,
908 2884 973 2932 42]
1003 2883 1074 2923 Hic
1107 2884 1139 2923 G
1167 2884 1350 2934 [ACHA,
1377 2883 1449 2923 Hic
1477 2887 1518 2921 ei
1544 2886 1590 2922 in
1617 2895 1753 2933 marg.
1782 2881 1822 2922 al
1850 2884 1927 2923 hoc

246 2934 297 2983 L]
333 2934 347 2986 ΙΙ
387 2936 465 2987 sy(i
498 2937 600 2986 O)ria
634 2937 679 2976 V
711 2937 724 2988 ΙΙ
768 2939 789 2977 8
819 2937 1047 2977 Audiebant
1077 2937 1114 2977 V
1155 2936 1169 2988 ΙΙ
1211 2939 1234 2977 9
1264 2941 1356 2989 post
1383 2936 1452 2975 illa
1483 2937 1528 2976 V
1560 2936 1573 2987 Η
1618 2939 1666 2977 10
1695 2937 1864 2977 nuncius
1895 2937 1927 2976 0

248 2988 419 3028 mincius
451 2989 509 3027 G*
536 2989 550 3040 ΙΙ
582 2993 626 3030 11
661 2993 870 3042 [posquam
901 2991 956 3039 D]
984 2989 999 3041 ΙΙ
1026 2990 1108 3030 illic
1135 2992 1250 3040 (corr
1277 3002 1330 3030 m.
1343 2992 1430 3042 pr.)
1453 2990 1509 3029 0*
1535 2988 1549 3042 ΙΙ
1577 2990 1701 3030 artius
1734 2989 1766 3030 G
1794 2990 1926 3031 arcius

250 3041 307 3076 O*
335 3043 350 3093 Η
379 3046 488 3082 esset
519 3043 576 3099 ΟΞ(
603 3042 617 3094 Η
648 3045 696 3083 12
726 3047 832 3084 esset
863 3043 916 3082 0*
943 3045 958 3097 ῃ
985 3044 1114 3084 ionios
1147 3045 1193 3084 V
