2040 3372
775 130 838 177 64,
868 127 1077 167 344—367
1697 127 1763 174 69

219 259 333 307 Cum
369 261 549 322 phrygii
584 267 746 307 teucro
782 259 1038 306 manabunt
1070 259 1296 319 sanguine
1331 263 1477 320 campi

118 333 185 372 345
219 325 479 388 Troicaque
515 325 733 374 obsidens
766 326 1024 386 longinquo
1060 326 1243 372 moenia
1276 324 1398 372 bello

218 391 400 439 Periuri
434 392 618 454 Pelopis
652 392 852 440 uastabit
884 391 1049 439 tertius
1083 393 1233 439 heres.

220 457 401 505 Currite
436 458 659 506 ducentes
692 458 999 519 subtegmina,
1036 459 1225 515 currite,
1259 457 1365 504 fusi.

286 524 414 571 Illius
449 525 655 587 egregias
691 525 887 572 uirtutes
922 525 1136 584 claraque
1170 526 1286 571 facta

219 589 367 651 Saepe
402 591 671 637 fatebuntur
705 598 953 652 gnatorum
987 591 1034 637 in
1071 592 1237 637 funere
1270 596 1456 643 matres,

115 664 184 702 350
218 655 332 703 Cum
367 656 595 705 incultum
630 672 743 705 cano
779 658 963 705 soluent
997 671 1023 703 a
1057 657 1232 704 uertice
1267 656 1445 703 crinem

217 721 499 783 Putridaque
533 724 729 771 infirmis
762 723 1010 770 uariabunt
1044 729 1233 784 pectora
1267 722 1444 784 palmis.

217 787 399 835 Currite
434 790 658 837 ducentes
692 790 1002 850 subtegmina,
1039 790 1225 847 currite,
1261 790 1365 837 fusi.

283 855 492 916 Namque
528 857 658 903 uelut
692 857 858 903 densas
892 870 1199 918 praecerpens
1234 856 1386 903 cultor
1420 856 1580 904 aristas

218 920 326 967 Sole
361 922 446 968 sub
483 922 664 969 ardenti
699 923 915 970 flauentia
951 922 1140 970 demetit
1172 937 1297 980 arua,

114 993 182 1031 355
216 986 534 1048 Troiugenum
568 989 737 1036 infesto
774 995 1039 1049 prosternet
1072 1003 1269 1049 corpora
1303 989 1444 1035 ferro.

218 1052 400 1100 Currite
435 1054 659 1102 ducentes
694 1055 1000 1115 subtegmina,
1038 1055 1223 1110 currite,
1258 1055 1364 1101 fusi.

284 1119 434 1166 Testis
470 1121 555 1168 erit
587 1121 768 1180 magnis
803 1120 1053 1167 uirtutibus
1087 1121 1211 1167 unda
1246 1120 1527 1178 Scamandri,

217 1185 346 1239 Quae
381 1186 550 1246 passim
586 1187 748 1248 rapido
784 1186 1060 1233 diffunditur
1095 1187 1411 1248 Hellesponto,

218 1250 357 1298 Cuius
391 1252 482 1298 iter
516 1254 662 1300 caesis
696 1259 952 1314 angustans
987 1268 1238 1314 corporum
1273 1254 1450 1301 aceruis

115 1323 183 1362 360
216 1317 319 1364 Alta
353 1319 598 1379 tepefaciet
631 1321 856 1380 permixta
890 1320 1079 1366 flumina
1115 1319 1267 1366 caede.

217 1382 399 1431 Currite
435 1385 658 1432 ducentes
693 1385 1000 1446 subtegmina,
1037 1386 1225 1442 currite,
1260 1386 1364 1433 fusi.

281 1450 493 1511 Denique
526 1452 657 1499 testis
692 1452 780 1498 erit
812 1452 952 1498 morti
987 1466 1174 1512 quoque
1208 1452 1384 1498 reddita
1421 1452 1603 1513 praeda,

216 1514 331 1562 Cum
366 1523 489 1564 teres
524 1518 706 1565 excelso
743 1524 1070 1565 coaceruatum
1105 1532 1273 1579 aggere
1307 1518 1495 1566 bustum

213 1581 427 1643 Excipiet
462 1584 626 1632 niueos
659 1598 904 1646 percussae
938 1584 1134 1644 uirginis
1167 1591 1308 1632 artus.

114 1654 181 1693 365
217 1647 398 1696 Currite
434 1650 657 1698 ducentes
692 1650 998 1711 subtegmina,
1035 1651 1224 1708 currite,
1261 1651 1364 1698 fusi.

283 1715 399 1761 Nam
433 1717 570 1763 simul
603 1732 659 1764 ac
695 1717 827 1764 fessis
862 1717 1041 1763 dederit
1071 1718 1168 1764 fors
1203 1718 1384 1778 copiam
1418 1717 1606 1765 Achiuis

216 1779 354 1828 Vrbis
388 1781 634 1829 dardaniae
669 1783 894 1844 neptunia
928 1784 1112 1830 soluere
1147 1783 1316 1840 uincla,

215 1992 294 2030 344
321 1990 468 2041 phrigii
491 1989 525 2029 G
545 1990 651 2040 frigii
674 1990 706 2030 0
733 1990 748 2040 ΙΙ
773 1993 910 2031 teucro
935 1991 967 2030 G
995 1991 1084 2040 (sed
1108 1993 1155 2030 in
1184 2003 1205 2030 e
1234 1992 1377 2030 littera
1405 1991 1572 2042 aliquid
1597 2006 1762 2033 erasum

16 2046 19 2047 ’
80 2046 120 2080 et
150 2047 396 2093 correctum,
421 2055 454 2093 g
482 2056 536 2081 ex
563 2047 700 2082 tenero
719 2043 868 2090 fecisse
886 2045 1056 2083 uidetur
1075 2047 1228 2094 teucro)
1257 2048 1394 2084 teucto
1417 2045 1474 2083 O*
1499 2045 1513 2094 ΙΙ
1543 2047 1761 2087 manebunt

83 2095 140 2134 0*
168 2094 183 2146 ΙΙ
210 2097 339 2146 campi
368 2110 404 2135 ω
433 2097 526 2147 [D]:
558 2099 679 2135 tenen
710 2096 743 2136 G
771 2098 869 2146 [Aa
898 2104 1016 2137 tenen
1047 2100 1088 2135 et
1113 2100 1159 2136 in
1187 2109 1321 2147 marg.
1351 2098 1481 2148 campi
1507 2098 1557 2147 L]
1587 2106 1708 2138 teuen
1730 2101 1762 2139 0

3 2178 7 2182 .
79 2148 225 2196 [Laur.
252 2150 323 2198 55,
342 2149 394 2189 42
423 2153 543 2189 tenen
571 2161 660 2188 sscr
687 2150 740 2190 al.
769 2155 890 2190 teuen
922 2151 1063 2190 Venet.
1091 2150 1166 2189 407
1192 2151 1320 2190 teneri
1348 2151 1395 2188 A
1422 2152 1547 2191 teucri
1566 2152 1655 2200 BH]
1683 2153 1761 2192 riui

79 2215 115 2240 ω
137 2202 256 2242 cliuei
276 2203 486 2253 Hauptius
512 2203 615 2242 muri
635 2203 798 2242 Statius
825 2203 1022 2255 phrygiae
1035 2207 1232 2243 —terrae
1250 2202 1428 2254 (Thebae
1447 2205 1761 2257 Froehlielzius)

76 2254 185 2294 idem
214 2255 229 2307 Ι]
256 2255 334 2296 345
363 2255 495 2295 menia
524 2255 564 2295 V
594 2254 610 2308 ΙΙ
652 2257 730 2296 346
758 2257 905 2296 tercius
935 2257 975 2296 V
1012 2255 1027 2309 ΙΙ
1069 2258 1145 2297 347
1175 2257 1250 2296 sub
1280 2258 1455 2306 tegmina
1487 2258 1520 2296 G
1547 2259 1636 2308 (sed
1661 2261 1709 2298 in
1737 2271 1760 2299 a

77 2312 332 2358 correctura,
365 2322 420 2348 εει·
447 2308 624 2359 tegmine
641 2307 790 2355 fecisse
817 2310 988 2348 uidetur
1014 2310 1189 2359 tegmina
1207 2312 1256 2360 g)
1285 2310 1299 2361 ΙΙ
1325 2311 1404 2351 350
1433 2311 1629 2351 incultum
1658 2323 1758 2352 cano

76 2371 109 2400 s.
132 2372 154 2400 a
177 2374 217 2401 u.
237 2362 387 2402 crinem
406 2362 709 2401 Baehrens-ius:
736 2363 777 2401 in
806 2363 953 2402 ciuium
976 2362 1142 2410 (ΗΒΕΑ
1170 2363 1318 2403 ciuium
1331 2364 1420 2412 AL]
1449 2363 1605 2404 inciuos
1632 2364 1762 2414 (quod

74 2414 168 2464 ipsa
194 2426 247 2454 m.
273 2427 342 2465 pr.
368 2417 416 2454 in
457 2415 632 2454 inciuum
660 2417 860 2465 mutauit)
892 2415 947 2454 0*
988 2416 1028 2454 in
1057 2417 1230 2456 cinerem
1259 2431 1294 2456 ω
1322 2417 1454 2467 uulgo
1504 2417 1672 2457 incuruo
1700 2417 1761 2457 in-

77 2478 199 2506 canos
242 2468 394 2508 uertice
436 2467 600 2508 Statius
639 2468 655 2520 ΙΙ
696 2480 818 2508 canos
859 2468 904 2508 V
924 2469 1055 2508 cinere
1095 2469 1262 2510 incanos
1289 2493 1342 2499 —
1371 2470 1499 2510 crines
1528 2470 1720 2520 Scaliger
1746 2471 1762 2523 ΙΙ

77 2520 208 2560 solefit
230 2520 287 2559 0*
313 2520 329 2573 ΙΙ
356 2521 503 2560 crimen
536 2521 592 2560 0*
621 2522 749 2561 crines
781 2521 814 2560 G
842 2524 898 2570 [et
925 2524 1066 2571 ceteri]
1101 2522 1115 2573 ΙΙ
1156 2525 1366 2564 353-356
1393 2527 1488 2573 post
1514 2524 1592 2563 347
1616 2525 1762 2574 posuit

74 2574 222 2623 Peiper
247 2574 262 2625 ss
289 2575 367 2614 353
398 2574 544 2626 dspsas
575 2574 632 2613 0*
656 2574 670 2626 ΙΙ
699 2586 963 2626 praecerpens
999 2575 1184 2615 Statius:
1222 2588 1487 2627 praecernens
1528 2577 1589 2626 Og
1617 2578 1761 2625 [ceteri

75 2627 188 2674 bom]
226 2626 297 2676 (G¹
323 2630 555 2679 scripserat
591 2628 869 2678 praeterriens)
910 2631 1165 2679 prosternens
1194 2644 1230 2669 ω
1257 2629 1273 2680 ΙΙ
1309 2630 1439 2669 cultor
1470 2628 1502 2668 G
1538 2632 1760 2680 [ceterique

78 2680 210 2727 boniJ:
239 2691 393 2720 messor
415 2681 447 2719 O
475 2681 620 2730 [cultor
649 2685 687 2720 et
713 2683 760 2719 in
787 2693 922 2731 marg.
953 2683 994 2720 ai
1021 2693 1174 2723 messor
1191 2682 1241 2732 L]
1268 2682 1284 2735 ΙΙ
1311 2684 1388 2722 355
1409 2681 1680 2732 Tronigenum
1703 2682 1760 2722 O*

75 2730 90 2783 ss
124 2735 353 2782 prosternet
383 2734 464 2784 V*‚
497 2735 596 2773 inde
629 2736 887 2785 prosternens
927 2733 1032 2781 fecit
1051 2746 1085 2785 g·
1120 2737 1412 2788 [prosternenS,
1450 2739 1685 2775 correctum
1711 2738 1760 2775 in

74 2787 303 2834 prosternet
330 2786 366 2825 L
400 2791 656 2837 prosternens
684 2787 946 2835 ABGDHAJ.
1002 2791 1076 2838 qui
1108 2793 1364 2840 prosternens
1392 2792 1564 2828 tuentur
1589 2801 1761 2829 uersum

76 2839 281 2878 eoeeidissc
301 2843 460 2890 putant
484 2839 500 2892 ΙΙ
528 2841 675 2880 ferrum
707 2841 763 2879 O*
790 2840 804 2891 ΙΙ
833 2842 910 2881 358
939 2840 1148 2891 elesponto
1178 2842 1224 2882 V
1243 2841 1257 2893 ΙΙ
1293 2844 1371 2882 359
1401 2842 1524 2882 cessis
1555 2842 1611 2881 0*
1637 2841 1652 2894 [Ι
1680 2843 1758 2883 360

74 2889 239 2931 flumina
263 2892 316 2932 0.·
344 2893 493 2933 lumina
517 2893 575 2932 G*
601 2897 643 2932 et
661 2896 708 2932 in
726 2905 863 2943 marg.
893 2893 943 2933 al'
971 2894 1135 2934 flumine
1162 2895 1342 2944 (flumine
1366 2895 1430 2944 G1,
1457 2895 1556 2945 al'g
1574 2897 1759 2946 scripsit)

74 2941 89 2992 ΙΙ
117 2944 209 2984 361-
230 2949 326 2995 post
353 2947 393 2985 Ιι.
420 2959 462 2987 u.
491 2959 578 2986 non
605 2947 723 2986 nulla
753 2947 802 2985 de
829 2948 1003 2986 Hectore
1030 2950 1082 2987 ab
1108 2949 1273 2988 Achille
1306 2947 1525 2995 interfecto
1556 2949 1759 2988 eaecidisse

74 2995 176 3036 Luc.
204 2997 380 3038 Mueller
402 3000 683 3050 probabiliter
720 3002 898 3039 coniecit
928 2999 943 3051 ss
980 3002 1056 3041 363
1085 3005 1212 3042 terrae
1241 3003 1308 3051 (ω)
1336 3013 1386 3041 ex
1414 3002 1522 3042 celso
1551 3003 1755 3055 Martyni-

75 3048 256 3099 Laguna
281 3049 296 3101 ΙΙ
324 3053 402 3092 364
429 3053 612 3104 perculse
642 3053 687 3093 V
706 3052 720 3105 ΙΙ
747 3055 823 3094 366
853 3053 972 3094 simul
998 3053 1101 3094 hanc
1129 3054 1174 3095 V
1194 3055 1208 3105 Η
1235 3055 1324 3094 fons
1356 3054 1412 3093 0*
