2040 3372
805 95 840 141 2,
872 94 1013 143 12—3,
1046 95 1091 134 18
1750 95 1779 141 3

314 226 499 272 Pernici
529 226 765 273 aureolum
800 227 939 274 fuisse
977 227 1159 284 malum,

313 292 445 347 Quod
481 306 642 338 zonam
679 293 816 339 soluit
851 293 928 339 diu
964 294 1159 355 ligatam.

111 473 144 527 3
312 479 511 542 Lugete‚
549 498 575 529 ο
613 481 814 529 Veneres
850 482 1203 543 Cupidinesque,

310 548 368 594 Et
402 556 624 609 quantum
660 555 729 595 est
761 548 1001 595 hominum
1037 547 1369 594 uenustiorum.

309 614 470 662 Passer
502 622 713 663 mortuus
748 622 817 662 est
850 629 978 661 meae
1013 613 1205 676 puellae,

308 683 483 741 Passer,
520 685 708 731 deliciae
743 698 870 730 meae
906 682 1098 745 puellae,

251 754 273 792 5
308 749 455 804 Quem
494 751 596 812 plus
631 751 704 797 illa
742 752 886 798 oculis
921 750 1015 797 suis
1050 747 1253 794 amabat:

306 815 418 863 Nam
454 817 652 864 mellitus
687 824 784 864 erat
818 831 1039 878 suamque
1076 822 1210 861 norat

306 882 457 943 Ipsam
492 890 583 930 tam
619 884 739 931 bene
776 899 914 945 quam
948 883 1098 945 puella
1135 887 1345 935 matrem,

307 950 402 996 Nec
436 965 536 997 sese
572 964 596 995 a
631 950 806 1012 gremio
843 951 964 997 illius
999 948 1228 1003 mouebat,

308 1015 397 1063 Sed
432 1016 764 1064 circumsiliens
799 1015 934 1063 modo
970 1017 1061 1062 huc
1096 1014 1232 1060 modo
1269 1010 1375 1057 illuc

230 1087 270 1127 10
305 1082 373 1127 Ad
408 1082 548 1128 solam
586 1082 816 1128 dominam
854 1097 999 1143 usque
1035 1080 1251 1142 pipiahat.

305 1147 394 1202 Qui
431 1162 557 1195 nunc
593 1148 628 1195 it
660 1163 744 1210 per
778 1149 863 1195 iter
898 1147 1238 1195 tenebricosum

305 1213 412 1261 Illuc
445 1215 571 1261 unde
608 1222 777 1275 negant
811 1215 961 1261 redire
997 1226 1290 1275 quemquam.

304 1282 362 1326 At
396 1280 531 1328 uobis
568 1282 681 1327 male
717 1282 790 1337 sit,
826 1282 969 1328 malae
1006 1280 1225 1328 tenebrae

306 1346 429 1403 Orci,
467 1361 583 1408 quae
618 1348 772 1394 omnia
807 1348 924 1394 bella
960 1347 1214 1395 deuoratis:

229 1419 270 1457 15
306 1412 419 1459 Tam
453 1412 622 1461 bellum
660 1414 769 1461 mihi
805 1429 1037 1475 passerem
1074 1411 1336 1460 abstulistis

308 1479 348 1526 Ο
382 1480 553 1527 factum
587 1481 727 1527 male!
767 1484 811 1528 io
848 1481 1018 1528 miselle
1054 1494 1225 1542 passer,

305 1545 402 1592 Tua
438 1562 564 1594 nunc
601 1562 741 1608 opera
777 1563 903 1595 meae
939 1547 1118 1609 puellae

305 1612 478 1660 Flendo
514 1614 733 1675 turgiduli
769 1615 940 1661 rubent
976 1614 1120 1661 ocelli.

105 1812 200 1847 rent
228 1821 319 1848 cum
345 1810 686 1859 praecedentibus
715 1809 759 1848 V
779 1808 834 1856 cf.
863 1810 919 1848 ad
941 1822 973 1849 c.
994 1811 1054 1860 44,
1072 1811 1136 1850 24.
1193 1811 1265 1848 lios
1292 1821 1438 1848 uersus
1465 1808 1664 1846 adiunoeit
1691 1819 1782 1845 car·
1864 1811 1868 1814 ’

104 1863 210 1900 mini
234 1863 291 1901 58
316 1862 625 1911 Froelzlichius‚
652 1865 830 1901 inseruit
855 1864 1021 1911 (uocula
1052 1868 1112 1902 est
1141 1863 1290 1911 deleta)
1315 1865 1409 1913 post
1434 1862 1475 1911 5,
1495 1861 1544 1900 45
1574 1857 1782 1911 Weisiusss

107 1917 152 1955 11
171 1916 245 1963 est]
260 1914 300 1954 id
315 1915 504 1954 Muretus
518 1914 531 1966 Η
553 1917 599 1956 13
616 1920 799 1966 negatam
819 1917 864 1956 V
870 1917 994 1955 adsct·
1009 1916 1056 1955 al’
1071 1916 1232 1966 ligatam
1250 1929 1281 1966 g
1298 1917 1475 1976 [ligatam
1489 1913 1758 1974 ABCDHL4
1770 1927 1779 1950 :

104 1969 1033 2073 ”miiiissimcssfiffl‘ssiffi‘ssi5333&deiffi„
1064 1968 1781 2073 ἓὲῗέῑῗἮῐηθὶἒξέῑέξέᾝεῗέτὶιηῖἑ

102 2075 235 2115 instit.
255 2074 291 2124 4,
309 2075 365 2115 22
387 2087 432 2125 p.
452 2074 512 2124 46,
531 2074 639 2114 4211.
687 2074 741 2121 cf.
768 2077 814 2114 in
843 2076 967 2115 titulo
996 2076 1097 2114 Iulii
1124 2077 1394 2125 Agathemem·
1421 2077 1466 2113 in
1493 2075 1621 2113 Anth.
1652 2074 1720 2113 lat.
1740 2075 1780 2122 5,

101 2128 192 2178 249,
206 2130 256 2168 49
281 2128 426 2169 Burm,
443 2127 537 2167 4704
553 2128 677 2180 Mey.:
707 2128 764 2168 Te
784 2131 929 2168 uocant
957 2141 1074 2180 prece
1102 2129 1278 2180 uirgines
1307 2128 1487 2180 pudicae,
1517 2127 1708 2167 Zonulam
1734 2133 1780 2166 ut

103 2181 238 2221 soluas
267 2181 335 2220 diu
363 2181 527 2232 ligatam
1216 2199 1218 2201 ·

233 2233 263 2277 3
292 2236 484 2274 cohaeret
511 2247 604 2274 cum
625 2235 894 2285 praecedenti
920 2237 1009 2274 sine
1037 2237 1263 2275 interstitio
1293 2235 1338 2275 V
1356 2235 1370 2287 ΙΙ
1403 2237 1426 2275 3
1457 2236 1502 2273 in
1529 2245 1617 2273 mee
1645 2233 1779 2285 puelle

103 2291 144 2326 et
168 2289 191 2326 4
218 2289 264 2327 in
293 2287 433 2328 delicie
461 2300 547 2327 mee
577 2287 710 2339 puelle
739 2292 779 2326 et
804 2288 852 2327 47
879 2300 967 2328 mee
1003 2289 1135 2339 puelle
1169 2292 1348 2339 septiens
1377 2301 1398 2328 e
1435 2290 1480 2326 in
1509 2299 1554 2327 ae
1588 2299 1686 2326 corr
1710 2300 1738 2340 y
1765 2285 1780 2338 ΙΙ

103 2343 129 2380 4
156 2343 238 2390 [om
265 2341 473 2390 ABLAP]
502 2340 516 2393 ΙΙ
544 2345 565 2381 7
594 2341 683 2392 Ipsa
714 2355 748 2380 ω
782 2340 863 2380 Issa
893 2342 1099 2392 Bergkius
1124 2342 1137 2392 Η
1166 2344 1189 2382 9
1219 2343 1365 2382 circum
1395 2342 1532 2381 siliens
1563 2340 1596 2379 G
1630 2340 1778 2379 circum

103 2394 225 2434 silens
253 2395 310 2444 (et
335 2396 381 2433 in
407 2407 530 2445 marg
558 2394 604 2433 al’
631 2395 782 2444 siliens)
805 2395 874 2435 0²⁸¹.
918 2395 971 2442 cf.
990 2395 1070 2435 Cic.
1095 2396 1150 2434 ad
1162 2396 1453 2445 Att.43‚25‚3
1473 2393 1503 2434 Ο
1524 2392 1777 2433 Academiam

102 2447 315 2487 uolaticam
344 2450 384 2487 et
411 2449 472 2488 sui
500 2448 670 2487 similem
696 2446 830 2488 ‘modo
858 2449 947 2497 huc,
977 2448 1095 2488 modo
1125 2445 1234 2489 illuc’
1265 2448 1279 2499 H
1310 2452 1356 2491 10
1385 2448 1564 2500 pipiabat
1587 2447 1777 2486 Vossius:

102 2501 282 2553 piplabat
313 2502 358 2542 V
375 2501 570 2552 pipilabat
599 2515 634 2540 ω
669 2500 683 2553 ΙΙ
723 2504 767 2541 11
801 2502 1052 2541 tenebrosum
1083 2502 1127 2541 V
1147 2503 1160 2551 ΙΙ
1200 2505 1247 2544 12
1276 2502 1375 2542 lllud
1406 2502 1450 2541 V
1471 2502 1518 2541 al'
1547 2500 1642 2540 illuc
1673 2500 1704 2538 O
1731 2501 1778 2537 in

101 2566 236 2604 marg.
283 2554 438 2594 Seneca
466 2556 571 2594 Diui
592 2555 756 2594 Claudii
782 2549 1082 2596 ἀποκολοκύντ.
1102 2556 1147 2595 44
1178 2567 1250 2595 nec
1279 2568 1402 2605 mora,
1432 2554 1636 2607 Cyllenius
1663 2553 1778 2592 illum

35 2638 37 2640 .
104 2607 209 2647 collo
238 2608 398 2648 obtorto
437 2608 556 2648 trahit
585 2621 607 2648 a
635 2608 747 2648 caelo
784 2604 894 2647 ‘illuc
923 2611 1004 2658 (om
1038 2610 1156 2659 libri,
1194 2610 1279 2648 add
1304 2609 1506 2658 Muretus)
1542 2607 1646 2646 unde
1679 2619 1717 2646 n.
1745 2619 1776 2645 r.

104 2658 379 2712 quemquam'.
423 2661 476 2709 cll
505 2664 550 2700 in
571 2663 692 2701 titulo
707 2662 808 2700 Iulii
821 2662 1091 2711 Agathemeri
1108 2664 1155 2701 in
1172 2664 1293 2703 Anth.
1312 2663 1383 2703 lat.
1398 2663 1540 2712 5,249,
1556 2661 1602 2700 44
1631 2661 1774 2699 Burm.

102 2714 198 2753 4704
213 2713 341 2766 Moy:
369 2715 474 2755 unde
503 2715 583 2755 fata
612 2718 760 2765 negant
785 2714 912 2754 redire
937 2727 1177 2767 quemquam
1205 2714 1218 2766 ΙΙ
1249 2719 1298 2757 14
1328 2715 1463 2767 Orciq3
1491 2717 1537 2755 V
1553 2727 1642 2754 sscr
1669 2714 1731 2754 al.’
1750 2714 1772 2721 “

106 2766 158 2806 G¹
185 2765 200 2818 ΙΙ
226 2767 346 2815 bella]
375 2781 463 2807 sscr
486 2769 622 2820 pulcra
644 2768 696 2807 G¹
723 2767 737 2821 ΙΙ
767 2770 815 2808 16
845 2767 875 2807 Ο
897 2768 1043 2808 factum
1070 2769 1186 2820 male,
1215 2782 1238 2809 o
1267 2770 1322 2820 (io
1342 2769 1646 2816 wesmannus,
1675 2767 1775 2819 proh

102 2821 222 2871 Bapt.
248 2820 475 2868 Guarinus)
503 2822 655 2861 miselle
684 2833 822 2872 passer
842 2835 898 2861 w:
929 2820 1082 2862 Bonum
1111 2822 1272 2864 factum.
1315 2823 1417 2862 male
1446 2822 1574 2862 bonus
1597 2822 1666 2861 ille
1685 2832 1775 2872 pas·

104 2884 167 2912 ser
195 2873 244 2914 V.
287 2872 342 2920 cf.
370 2876 416 2913 in
445 2875 568 2914 titulo
587 2876 803 2925 Augustae
822 2876 1072 2914 Ausciorum
1099 2881 1262 2926 reperto
1283 2876 1574 2926 (Wilmannsii
1602 2873 1774 2924 eoeempl.

104 2927 292 2977 inscript.
321 2928 389 2967 lat.
404 2930 495 2978 584)
524 2930 624 2967 haec
653 2929 708 2966 ad
725 2930 763 2967 Ιι.
783 2940 823 2967 u.
847 2941 1062 2978 eoepressa:
1093 2928 1124 2968 Ο
1153 2929 1301 2969 factum
1331 2929 1449 2980 male,
1475 2928 1583 2981 Myia
1612 2930 1776 2978 (nomen

106 2980 242 3018 catelli
267 2982 449 3031 mortui),
479 2981 586 3032 quod
616 2981 750 3033 peristi
778 2981 792 3033 ΙΙ
822 2983 949 3022 17.18
977 2982 1202 3022 scholiasta
1229 2984 1286 3022 ad
1308 2982 1546 3022 quenalem
1560 2985 1637 3032 6,8
1663 2981 1776 3031 (haut

106 3031 245 3072 similis
280 3033 371 3082 tibi,
411 3033 600 3085 Cynthia,
637 3046 709 3074 nec
746 3035 818 3073 tibi
855 3034 966 3074 cuius
994 3034 1186 3075 Turbauit
1220 3036 1366 3076 nitidos
1403 3035 1601 3076 extinctus
1639 3045 1776 3086 passer

1412 3102 1458 3142 1*
