2040 3372
242 91 301 136 16
910 97 972 147 21,
1005 100 1172 147 12—22,
1202 100 1247 138 21

440 229 592 283 Quare
629 230 796 288 desine,
833 231 942 278 dum
978 232 1084 278 licet
1119 233 1303 293 pudico,

437 294 499 342 Ne
535 297 673 344 finem
711 297 864 355 facias,
906 297 984 345 sed
1021 298 1282 347 irrumatus.

241 493 307 549 22
443 493 665 546 Suffenus
700 498 798 555 iste,
834 498 965 554 Vare‚
1002 513 1138 559 quem
1175 501 1321 562 probe
1358 502 1494 558 nosti,

436 563 585 610 Homo
624 570 693 612 est
727 572 954 612 uenustus
989 573 1034 612 et
1069 566 1199 613 dicax
1237 574 1282 614 et
1317 567 1538 625 urbanus,

438 630 657 692 Idemque
694 632 831 693 longe
866 633 1091 693 plurimos
1127 634 1233 681 facit
1267 649 1443 682 uersus.

440 697 555 744 Puto
593 713 692 745 esse
729 713 814 759 ego
852 698 913 745 illi
949 700 1072 746 milia
1108 707 1186 747 aut
1222 702 1381 747 decem
1418 709 1495 748 aut
1529 702 1661 763 plura

381 771 403 808 5
440 764 712 825 Perscripta,
750 779 837 811 nec
873 766 934 813 sic
970 772 1019 812 ut
1054 767 1104 812 fit
1139 767 1187 812 in
1224 767 1549 829 palimpseston

439 830 617 877 Relata:
655 839 806 878 cartae
844 833 1011 892 regiae,
1050 836 1194 879 nouei
1227 832 1347 890 libri,

439 896 557 943 Noui
594 897 816 955 umbilici,
853 899 948 945 lora
983 899 1140 957 rubra,
1177 900 1482 958 membranae,

440 963 632 1011 Derecta
669 965 859 1026 plumbo
898 973 943 1012 et
977 967 1161 1028 pumice
1198 967 1351 1015 omnia
1388 974 1594 1028 aequata.

439 1030 563 1077 Haec
600 1046 703 1078 cum
740 1033 864 1093 legas
898 1039 963 1090 tu,
1000 1033 1149 1080 bellus
1185 1034 1259 1080 ille
1296 1040 1342 1080 et
1378 1033 1586 1082 urbanus

362 1103 405 1143 10
441 1097 661 1145 Suffenus
697 1114 819 1146 unus
856 1100 1170 1161 caprimulgus
1206 1106 1283 1147 aut
1319 1101 1470 1147 fossor

439 1165 617 1212 Rursus
654 1165 858 1212 uidetur:
896 1173 1074 1212 tantum
1113 1167 1333 1214 abhorret
1367 1181 1418 1214 ac
1454 1173 1613 1214 mutat.

439 1231 539 1278 Hoc
576 1232 683 1292 quid
722 1240 937 1293 putemus
974 1232 1108 1280 esse?
1146 1234 1224 1294 qui
1260 1234 1396 1280 modo
1432 1248 1592 1281 scurra

440 1298 529 1344 Aut
565 1299 715 1359 siquid
754 1297 838 1346 hac
873 1315 923 1346 re
959 1300 1114 1347 tritius
1149 1300 1407 1358 uidebatur,

441 1365 565 1411 Idem
604 1366 802 1412 infaceto
841 1373 910 1413 est
944 1367 1188 1414 infacetior
1221 1382 1343 1424 rure,

361 1438 404 1476 15
442 1431 586 1478 Simul
623 1440 834 1494 poemata
869 1433 1031 1494 attigit,
1069 1448 1221 1495 neque
1256 1434 1375 1480 idem
1413 1448 1634 1495 umquam

442 1499 600 1559 Aeque
637 1506 705 1546 est
740 1500 901 1547 beatus
936 1515 984 1547 ac
1018 1515 1182 1561 poema
1220 1515 1325 1547 cum
1361 1500 1545 1547 scribit:

446 1565 557 1611 Tam
595 1567 762 1626 gaudet
796 1567 843 1614 in
883 1583 932 1614 se
967 1573 1149 1628 tamque
1183 1583 1231 1614 se
1267 1567 1365 1629 ipse
1401 1567 1608 1614 miratur.

448 1632 674 1679 Nimirum
709 1634 828 1681 idem
867 1649 1027 1681 omnes
1062 1634 1275 1697 fallimur,
1313 1648 1466 1694 neque
1505 1641 1573 1681 est
1609 1634 1851 1696 quisquam
1906 1664 1910 1668 ·

449 1699 596 1753 Quem
635 1715 729 1747 non
767 1701 813 1747 in
851 1701 1001 1762 aliqua
1036 1716 1086 1747 re
1122 1701 1281 1748 uidere
1317 1700 1560 1747 Suffenum

370 1772 414 1810 20
449 1765 616 1813 Possis.
688 1782 798 1814 suus
834 1768 1000 1829 cuique
1037 1767 1285 1814 attributus
1321 1773 1389 1815 est
1424 1781 1578 1814 error:

449 1832 538 1879 Sed
575 1849 671 1880 non
708 1835 918 1882 uidemus
953 1835 1179 1882 manticae.
1215 1834 1335 1895 quod
1373 1834 1419 1880 in
1457 1840 1588 1895 tergo
1624 1840 1706 1881 est.

386 2032 434 2070 12
463 2030 619 2070 desinat
650 2031 691 2069 V
713 2030 727 2083 Η
758 2033 804 2072 13
835 2031 918 2071 Nec
947 2032 986 2071 V
1012 2030 1086 2071 Nei
1114 2031 1394 2071 Baehrens-ius
1421 2031 1435 2084 fl
1462 2031 1615 2072 *facias
1647 2030 1795 2072 ‘''finem
1832 2030 1888 2071 0*
1915 2030 1931 2085 Ι

249 2084 502 2124 irruminatus
531 2096 616 2124 sum
649 2084 693 2124 V

383 2135 440 2178 22
467 2138 743 2176 Interstitium
763 2137 926 2176 nullum
943 2137 998 2177 V:
1027 2136 1088 2176 Ad
1104 2136 1250 2176 Varum
1281 2138 1365 2177 add
1386 2140 1431 2177 in
1450 2150 1584 2188 marg.
1600 2150 1634 2188 g
1661 2138 1674 2189 ΙΙ
1701 2140 1724 2178 3
1744 2137 1930 2191 Idemque

253 2191 291 2232 V
317 2203 406 2230 πον
434 2190 482 2230 al'
501 2191 722 2243 itemqueg
749 2190 755 2243 Ι
792 2193 817 2231 4
846 2195 936 2241 [ego
967 2202 1056 2231 esse
1071 2189 1269 2239 BCDHL]
1297 2189 1310 2243 Η
1338 2191 1397 2230 illi
1425 2192 1580 2242 (littera
1599 2191 1748 2231 ultima
1769 2193 1814 2230 in
1833 2204 1931 2244 ras„

251 2245 428 2293 sortasse
454 2244 600 2291 fuerat
626 2246 665 2296 a)
697 2245 729 2284 G
765 2244 771 2296 l
797 2245 921 2283 millia
954 2244 986 2283 G
1013 2242 1029 2296 fl
1055 2243 1104 2283 ad
1134 2243 1271 2284 decem
1299 2245 1578 2284 Baehrensius
1603 2243 1618 2295 ΙΙ
1647 2247 1670 2285 5
1698 2244 1750 2285 sit
1777 2248 1822 2284 ut
1851 2245 1891 2286 V
1916 2245 1932 2299 fl

252 2298 541 2350 palimpseston
570 2298 812 2338 Mar-cilius:
840 2298 1079 2352 palmisepto
1112 2298 1157 2338 V
1176 2297 1458 2349 palimpsestos
1485 2299 1764 2338 Baehrensius
1791 2298 1932 2349 palim-

252 2355 431 2404 psestum
461 2353 654 2391 Heinsius
680 2352 721 2391 in
749 2351 1009 2404 palimpsesto
1040 2350 1167 2391 celata
1186 2352 1351 2391 Birtius
1374 2350 1388 2402 ΙΙ
1419 2353 1442 2391 6
1471 2352 1589 2392 nouei
1617 2351 1932 2392 Lachmannus:

254 2418 357 2446 noue
387 2405 426 2446 V
452 2406 547 2445 noui
577 2420 612 2445 ω
641 2417 770 2445 nouae
798 2406 960 2444 Birtius
986 2404 999 2458 ΙΙ
1030 2408 1051 2444 7
1081 2405 1306 2444 membrana
1336 2406 1559 2455 Auantius,
1588 2405 1732 2456 uulgo.
1787 2405 1864 2445 alii
1889 2418 1932 2446 u.

253 2460 382 2510 rubra,
413 2459 490 2498 alii
515 2472 587 2501 uu.
617 2458 780 2498 Derecta
810 2458 974 2509 plumbo
1015 2470 1107 2497 eum
1135 2470 1176 2499 u.
1213 2459 1439 2498 membrana
1475 2459 1809 2510 inter-pungendo
1838 2471 1934 2499 eon-

252 2515 438 2564 iungunt
465 2512 479 2562 ΙΙ
507 2515 529 2553 8
558 2512 723 2552 Derecta
752 2512 935 2551 Statius:
965 2510 1127 2551 Detecta
1149 2511 1187 2551 V
1213 2509 1229 2563 ΙΙ
1255 2515 1278 2552 9
1309 2515 1365 2561 tu]
1396 2515 1532 2552 tuma>
1559 2510 1574 2564 ΙΙ
1604 2514 1648 2553 11
1681 2511 1847 2552 abhoret
1878 2511 1934 2551 0*

253 2567 410 2607 aberrat
421 2566 596 2605 Ellisius
621 2565 635 2616 Η
666 2567 713 2605 13
733 2565 808 2604 hac
822 2567 884 2615 (ac
903 2565 948 2615 O)
977 2577 1019 2605 re
1039 2565 1192 2605 tristius
1211 2566 1255 2606 V
1273 2566 1417 2605 tersius
1432 2565 1602 2614 (tertius)
1621 2565 1772 2605 Mum-0
1794 2564 1934 2606 scitius

253 2620 353 2660 Luc.
370 2620 544 2659 Mueller
562 2619 639 2659 hoc
657 2619 833 2659 retritius
854 2619 1045 2668 Scaliger
1074 2618 1149 2658 hoc
1176 2619 1384 2659 uenustius
1404 2618 1611 2657 Traubius
1637 2617 1651 2670 ΙΙ
1681 2621 1729 2659 14
1757 2618 1932 2660 infaceto

254 2685 342 2713 rure
372 2673 415 2712 V
450 2673 463 2724 ΙΙ
506 2675 553 2715 15
583 2672 716 2724 attigit
743 2672 795 2713 ul’
824 2684 919 2723 neqa
954 2679 996 2710 nc
1024 2671 1128 2712 idem
1162 2671 1218 2710 O*
1250 2672 1264 2724 ΙΙ
1304 2683 1477 2723 unquam
1510 2671 1542 2711 G
1591 2671 1597 2725 Ι
1641 2674 1689 2712 16
1717 2674 1779 2721 ac]
1815 2671 1866 2712 ha
1898 2673 1943 2713 V

256 2726 432 2775 [CLaur.
459 2727 610 2777 55‚42]
642 2726 706 2776 [ah
733 2725 984 2775 ABDHLA]
1013 2725 1027 2778 ΙΙ
1055 2725 1182 2776 ῐεῐυῑῑὲ
1211 2727 1276 2775 (=
1305 2726 1521 2777 tamquam)
1611 2725 1626 2779 ΙΙ
1656 2726 1704 2766 18
1733 2737 1806 2766 nec
1838 2725 1893 2764 0*
1920 2725 1935 2778 ΙΙ

256 2781 306 2820 20
335 2779 432 2819 siuis
465 2779 519 2818 0*
546 2781 560 2834 Ι]
588 2781 634 2820 21
666 2779 843 2819 maritice
875 2778 930 2818 0*
959 2778 972 2830 ΙΙ
1011 2781 1166 2820 18-20
1193 2779 1389 2818 Ieremias
1415 2779 1547 2818 iudex
1575 2778 1625 2818 de
1651 2779 1935 2829 Montagnone

255 2833 480 2871 Paduanus
515 2836 560 2873 in
599 2833 832 2884 compendii
864 2833 1089 2872 moralium
1127 2833 1376 2872 notabilium
1398 2835 1513 2883 part.
1543 2833 1567 2871 Ι
1592 2832 1742 2873 libr.·3
1770 2830 1933 2872 Catulus

256 2898 290 2926 c.
308 2880 500 2926 5‘omnes
520 2886 836 2928 fallimur—est
864 2882 986 2926 error'
1017 2886 1031 2939 ΙΙ
1064 2887 1214 2927 19--21
1248 2885 1379 2925 eodem
1407 2885 1585 2936 capituli
1602 2886 1842 2925 uer-anemis
1861 2885 1935 2925 468

259 2940 297 2980 V
298 2952 447 2979 eronae
476 2953 513 2980 α.
536 2941 643 2981 4529
669 2942 851 2991 scriptus
878 2941 1002 2987 flores
1028 2940 1251 2979 moralium
1281 2941 1582 2979 auctoritatum
1611 2941 1805 2988 eontinet,
1834 2950 1934 2989 quo-

257 3005 351 3032 rum
380 2994 425 3031 in
456 2992 479 3032 l.
510 2994 554 3032 II
580 3006 612 3036 c.
631 2995 660 3034 3
688 2994 766 3043 (De
794 2994 951 3042 errore)
980 2994 1100 3033 haec:
1131 2992 1309 3032 Catullus
1338 2992 1387 3032 ad
1416 2991 1583 3032 Varum:
1611 2987 1752 3039 ‘Quem
1779 3002 1858 3032 non
1882 3014 1935 3020 —

258 3046 298 3086 in'
327 3048 439 3098 tergo
469 3041 550 3086 est'
568 3048 640 3098 ¹(in
668 3060 708 3088 u.
729 3047 777 3087 49
814 3046 949 3087 uidere
979 3047 1201 3098 omissum).
1259 3044 1313 3092 ef.
1342 3044 1624 3095 Detleskenus,
1663 3057 1760 3087 ann.
1785 3045 1934 3096 philol.
