2040 3372
237 137 299 182 48
957 145 1022 194 62,
1051 146 1181 189 8‚—29

368 273 448 320 Sic¹
480 282 672 323 certest:
714 277 850 323 uiden
886 285 937 324 ut
971 279 1226 339 perniciter
1259 278 1492 327 exiluere?

366 341 471 388 Non
506 349 680 390 temere
717 344 944 391 exiluere:
982 352 1151 392 canent
1185 347 1310 407 quod
1342 347 1525 394 uincere
1561 361 1643 408 par
1679 353 1758 394 est.

292 416 336 455 10
369 407 549 471 Hymen
587 425 613 456 o
649 410 926 472 Hymenaee,
963 411 1141 474 Hymen
1179 413 1287 461 ades
1323 429 1349 461 o
1387 414 1663 476 Hymenaee.

371 543 472 590 Non
511 543 655 591 facilis
689 544 838 602 nobis,
874 545 1091 605 aequalis,
1127 547 1275 608 palma
1312 554 1467 608 parata
1505 554 1593 595 est:

368 611 584 671 Aspicite,
621 611 844 672 innuptae
879 626 1036 660 secum
1071 619 1122 660 ut
1156 614 1372 662 meditata
1407 618 1668 675 requirunt.

369 677 472 724 Non
507 679 679 724 frustra
713 678 1015 726 meditantur:
1051 679 1225 727 hahent
1258 681 1557 728 memorabile
1593 682 1717 743 quod
1753 682 1826 729 sit.

369 743 459 791 Nec
492 747 675 799 mirum,
709 748 893 807 penitus
928 761 1039 808 quae
1075 754 1168 794 tota
1204 758 1348 796 mente
1384 748 1603 796 laborant.

291 817 333 856 15
368 811 460 858 Nos
496 811 583 857 alio
620 818 814 869 mentes,
850 812 937 859 alio
974 811 1213 861 diuisimu's
1248 829 1403 863 aures:

367 877 472 924 Iure
509 878 648 939 igitur
682 879 949 926 uincemur:
986 889 1106 927 amat
1141 880 1333 928 uictoria
1370 897 1543 929 curam.

369 944 522 999 Quare
558 960 679 992 nunc
712 945 892 994 animos
927 947 1084 994 saltem
1122 949 1391 995 committite
1428 955 1627 997 uestros:

366 1011 530 1059 Dicere
566 1012 657 1058 iam
691 1012 933 1075 incipient,
970 1014 1058 1061 iam
1095 1016 1380 1076 respondere
1417 1015 1612 1063 decebit.

368 1078 547 1141 Hymen
584 1095 611 1126 o
647 1080 926 1142 Hymenaee,
963 1081 1144 1144 Hymen
1180 1083 1287 1131 ades
1324 1098 1350 1130 o
1387 1083 1664 1145 Hymenaee.

288 1206 333 1244 20
368 1198 588 1260 Hespere,
625 1200 704 1261 qui
741 1201 866 1248 caelo
902 1202 1050 1249 fertur
1086 1203 1318 1250 crudelior
1351 1201 1507 1265 ignis?

370 1265 458 1320 Qui
495 1272 648 1313 natam
683 1268 833 1329 possis
870 1269 1098 1330 conplexu
1134 1270 1332 1317 auellere
1368 1271 1542 1327 matris,

369 1332 606 1395 Conplexu
641 1334 799 1382 matris
835 1337 1115 1383 retinentem
1149 1337 1349 1385 auellere
1387 1345 1538 1385 natam

367 1399 427 1446 Et
460 1401 620 1447 iuueni
655 1402 836 1449 ardenti
871 1410 1039 1450 castam
1076 1404 1250 1451 donare
1285 1405 1500 1466 puellam.

371 1467 491 1521 Quid
526 1468 702 1515 faciunt
736 1469 893 1517 hostes
929 1478 1060 1532 capta
1097 1471 1329 1519 crudelius
1364 1470 1515 1519 urbe?

291 1541 334 1579 25
370 1533 550 1596 Hymen
588 1550 614 1582 o
650 1535 929 1598 Hymenaee,
968 1537 1146 1600 Hymen
1185 1539 1293 1587 ades
1328 1555 1354 1586 o
1392 1539 1671 1601 Hymenaee.

369 1653 590 1716 Hespere,
627 1656 706 1716 qui
742 1657 870 1703 caelo
905 1657 1028 1705 lucet
1062 1658 1305 1706 iocundior
1339 1657 1493 1719 ignis?

369 1720 459 1776 Qui
493 1721 722 1783 desponsa
758 1730 836 1770 tua
871 1726 1026 1772 firmes
1062 1725 1259 1773 conubia
1294 1726 1490 1783 flamma,

370 1788 497 1843 Quae
530 1790 750 1851 pepigere
786 1790 891 1849 uiri,
926 1792 1208 1854 pepigerunt
1243 1799 1349 1839 ante
1383 1800 1614 1854 parentes,

368 1854 464 1902 Nec
500 1856 694 1904 iunxere
729 1858 859 1919 prius
896 1873 1033 1920 quam
1068 1875 1118 1907 se
1152 1867 1260 1907 tuus
1296 1860 1457 1907 extulit
1491 1861 1641 1907 ardor.

372 1989 394 2028 8
425 1992 532 2028 certe
563 1990 624 2028 est
640 1988 823 2028 Statius:
852 1993 959 2029 certe
979 1990 1013 2029 si
1033 1991 1078 2031 V
1096 1991 1209 2042 (inde
1227 2004 1311 2032 ras.
1334 2004 1431 2031 corr
1450 1994 1558 2031 certe
1576 1993 1622 2030 in
1646 1991 1693 2041 G)
1714 2002 1781 2031 cer
1799 1993 1861 2031 tes
1881 1989 1921 2031 .i.

241 2066 278 2105 T
298 2066 312 2118 11
340 2069 364 2106 9
386 2067 493 2118 quod
520 2068 574 2107 T:
604 2051 629 2120 ἃ
659 2070 727 2117 (=
756 2070 850 2120 quo)
881 2070 926 2108 V
944 2070 959 2123 11
985 2070 1114 2110 uisere
1147 2070 1232 2121 VT,
1262 2083 1359 2110 corr
1385 2072 1599 2110 Auantius
1625 2068 1640 2121 11
1674 2083 1746 2122 par
1773 2073 1835 2110 est
1867 2069 1923 2110 T:

236 2123 350 2170 parEt
382 2121 427 2160 V
459 2134 539 2173 quo
560 2123 634 2173 (V)
666 2123 736 2161 uel
765 2134 866 2173 quos
897 2123 1055 2163 uincere
1085 2124 1174 2173 alii,
1205 2125 1312 2176 quod
1341 2136 1510 2176 uespere
1537 2125 1676 2166 Baltlz.
1698 2124 1884 2165 Venator
1907 2122 1922 2177 11

239 2176 287 2213 10
315 2172 495 2226 Hymene
524 2177 600 2224 (sie
625 2189 689 2226 pr.
719 2178 789 2226 m.)
826 2176 1048 2228 hymeneae
1083 2177 1178 2217 ades
1216 2190 1265 2218 .o.
1302 2178 1522 2230 hymeneae
1555 2177 1593 2217 Τ
1628 2176 1784 2230 Hymen
1821 2177 1921 2229 ohy·

236 2239 376 2267 menee
404 2228 487 2278 (—ne
511 2229 557 2279 G)
583 2229 669 2281 hy(i
692 2229 833 2278 OJmen
862 2230 959 2269 ades
987 2243 1010 2270 o
1040 2230 1237 2282 hymenee
1258 2231 1302 2271 V
1320 2234 1336 2285 11
1365 2234 1411 2272 11
1444 2230 1583 2271 Puelle
1611 2232 1698 2270 add
1721 2234 1768 2270 in
1785 2243 1922 2281 marg.

232 2293 264 2331 g
301 2280 315 2333 11
351 2281 480 2321 facilis
509 2284 657 2322 nobilis
691 2282 728 2322 T
758 2280 773 2334 11
813 2284 860 2324 12
889 2283 1035 2336 Aspice
1066 2284 1123 2323 0*
1155 2283 1170 2338 11
1206 2284 1373 2336 innupte
1406 2284 1460 2324 T:
1497 2285 1663 2337 innupte
1696 2296 1774 2336 que
1805 2283 1839 2324 G
1867 2286 1923 2347 [et

233 2349 437 2399 plerique]
465 2348 633 2400 innupte
660 2351 751 2402 wall
775 2349 831 2388 O*
858 2348 871 2399 11
900 2351 1090 2390 meditata
1119 2352 1325 2403 requirunt
1354 2350 1406 2390 T:
1434 2351 1626 2392 meditare
1655 2355 1826 2403 querunt
1843 2351 1923 2401 ((Ῑη

240 2401 286 2451 0)
305 2403 350 2442 V
361 2402 566 2451 [meditata
582 2407 745 2453 reflrunt
760 2404 813 2452 D]
829 2404 1095 2454 (glossarium
1118 2406 1357 2444 balliolense
1373 2401 1614 2457 ‘requirunt‘
1633 2405 1674 2444 in
1689 2404 1921 2445 memoriam

236 2452 461 2506 reuocant’)
490 2455 505 2510 11
537 2459 583 2498 13
605 2457 766 2505 habent]
788 2458 858 2496 hint
876 2457 908 2496 G
946 2458 1023 2498 hfic
1054 2459 1085 2497 0
1112 2459 1235 2505 (male
1253 2459 1496 2508 intellegens
1515 2459 1629 2509 quod
1648 2458 1681 2498 G
1709 2460 1809 2497 bene
1835 2470 1920 2497 ser-

235 2511 374 2560 uauit)
393 2511 407 2563 11
435 2522 608 2550 memora
639 2511 741 2562 psile
774 2510 812 2549 T
833 2508 847 2562 11
875 2511 996 2562 quod]
1028 2525 1069 2563 q,
1100 2512 1148 2562 V,
1177 2513 1275 2551 inde
1303 2511 1365 2563 qd’
1390 2524 1423 2562 g·
1451 2513 1508 2563 (q,
1538 2516 1580 2550 et
1605 2511 1736 2563 qd’=
1759 2511 1880 2563 quod)
1906 2510 1921 2564 11

240 2565 289 2603 14
317 2565 441 2603 habet
462 2563 499 2603 T
520 2564 653 2603 solus:
684 2576 749 2603 om
776 2563 827 2613 V,
853 2567 1012 2615 recepit
1032 2569 1198 2616 primus
1225 2579 1278 2604 eoe
1305 2568 1410 2617 ip3o,
1437 2570 1486 2604 ut
1510 2566 1692 2615 uidetur,
1725 2564 1762 2603 T
1783 2564 1922 2604 Mure-

238 2620 305 2656 tus
334 2631 370 2657 a.
399 2618 513 2657 4554.
555 2619 716 2657 conieci
743 2618 793 2657 Ni
821 2618 962 2658 mirum
989 2618 1003 2671 11
1032 2619 1215 2660 laborent
1243 2619 1414 2658 Vossius
1438 2617 1452 2669 11
1484 2621 1531 2659 15
1561 2618 1649 2659 Non
1682 2617 1719 2657 T
1740 2617 1755 2669 11
1784 2617 1922 2658 diuisi-

238 2683 326 2710 mus
354 2673 457 2721 (seer
485 2671 534 2710 al’
564 2671 787 2711 diuidamus
815 2684 964 2710 manus
991 2676 1223 2722 recentior,
1258 2685 1390 2722 neque
1420 2671 1471 2711 G¹
1498 2684 1630 2722 neque
1653 2673 1700 2722 g)
1732 2671 1765 2710 G
1806 2671 1921 2711 dimi-

238 2724 363 2764 simus
394 2739 429 2764 ω
456 2724 469 2773 ΙΙ
501 2727 546 2765 17
578 2737 683 2764 nunc
716 2724 771 2764 T:
799 2730 850 2764 no
879 2725 918 2764 V
952 2726 966 2775 11
1004 2727 1225 2766 conuertite
1259 2725 1295 2764 T
1317 2725 1459 2764 multis
1484 2728 1707 2776 probatum
1733 2724 1750 2778 11
1784 2726 1833 2766 18
1861 2725 1920 2764 in-

240 2777 411 2829 cipiaent
434 2777 470 2817 T
495 2778 507 2830 11
538 2781 585 2818 19
615 2779 835 2830 hymeneae
860 2778 897 2817 T
918 2778 933 2829 11
960 2779 1180 2830 hymeneae
1205 2779 1241 2818 T
1263 2778 1278 2831 ΙΙ
1306 2780 1356 2818 20
1386 2778 1524 2818 Puelle
1553 2780 1639 2818 add
1663 2780 1709 2817 in
1737 2789 1920 2828 marg-g·

237 2829 251 2882 11
280 2832 369 2882 quis
403 2831 438 2870 T
460 2832 741 2871 Baehrensz'us
768 2833 880 2881 (item
908 2845 948 2871 u.
976 2835 1045 2882 26)
1085 2835 1100 2884 11
1142 2833 1269 2881 [caelo
1298 2832 1429 2883 potuit
1456 2832 1543 2879 AL,
1579 2837 1620 2871 et
1645 2834 1693 2870 in
1714 2843 1848 2882 marg.
1877 2833 1920 2870 a}

240 2884 364 2924 fertur
392 2898 489 2924 corr
517 2886 565 2934 L]
595 2886 609 2935 11
639 2886 686 2927 21
718 2887 806 2934 οδ(9
826 2885 994 2935 O)plexu
1014 2887 1052 2925 V
1076 2887 1090 2937 11
1118 2886 1336 2936 conplexua
1367 2884 1511 2925 uellere
1543 2885 1580 2924 T
1601 2885 1616 2937 11
1644 2885 1804 2936 amatris
1835 2883 1919 2935 0*11

241 2939 291 2978 22
321 2938 402 2977 Con
433 2939 551 2989 plexu
586 2939 622 2978 T
655 2938 871 2990 Complexu
903 2939 947 2978 V
968 2939 982 2992 11
1010 2940 1139 2979 auelle
1164 2939 1199 2978 T
1232 2942 1348 2978 natae
1375 2960 1429 2967 ——
1455 2943 1622 2979 matrem
1654 2936 1923 2989 Gronoviusfl

242 2992 293 3031 24
322 2991 517 3031 credelius
543 2992 579 3031 T
599 2995 613 3045 11
644 2994 693 3033 25
715 2992 894 3044 Kymeno
917 2993 1112 3046 hymenee
1128 2992 1379 3044 Kymenades
1399 3005 1449 3031 .o.
1465 2992 1670 3044 Kymenee
1691 2991 1726 3031 T
1747 2992 1762 3043 11
1789 2993 1840 3032 26
1860 2991 1919 3031 lu-

241 3056 365 3084 uenes
393 3045 479 3083 add
505 3048 551 3084 in
578 3057 712 3095 marg.
737 3057 771 3095 g·
797 3044 811 3096 11
838 3045 927 3097 quis
960 3046 996 3085 T
1018 3045 1032 3097 11
1060 3046 1268 3086 iucundior
1300 3045 1336 3084 T
1358 3045 1372 3094 11
1409 3046 1458 3085 27
1487 3045 1588 3086 fines
1621 3045 1658 3084 T
1678 3044 1694 3097 11
1720 3045 1916 3085 connubia

245 3096 322 3150 Vll
348 3098 465 3138 flama
499 3098 531 3137 G
556 3096 569 3149 11
599 3101 648 3139 28
678 3098 764 3145 Quo
795 3098 838 3138 V
859 3099 872 3150 11
900 3099 960 3138 uir
992 3099 1029 3139 T
1050 3100 1063 3152 11
1093 3101 1143 3139 29
1174 3100 1334 3139 uinxere
1365 3098 1396 3137 0
