2040 3372
828 99 866 148 4,
897 100 984 138 15-
1002 101 1038 146 5,
1069 99 1093 137 s
1770 95 1798 139 5

252 238 295 278 15
330 232 404 279 Ait
436 232 692 294 phasellus:
729 231 885 278 ultima
921 245 976 277 ex
1011 231 1190 292 origine

327 299 427 345 Tuo
463 298 641 346 stetisse
676 297 785 344 dicit
820 297 867 343 in
905 297 1155 355 cacumine,

332 365 431 411 Tuo
465 364 683 411 imbuisse
717 363 939 425 palmulas
975 363 1022 410 in
1059 377 1272 424 aequore,

329 430 387 477 Et
421 431 527 477 inde
562 437 631 477 tot
665 444 749 491 per
782 430 1054 491 impotentia
1089 431 1204 476 freta

328 497 504 544 Herum
538 497 710 555 tulisse,
746 496 875 543 laeua
910 496 1009 543 siue
1045 496 1231 542 dextera

250 571 295 609 2ο
330 563 522 609 Vocaret
555 576 681 619 aura,
716 563 815 610 siue
850 568 1099 623 utrumque
1135 562 1310 623 Iupiter

332 629 475 676 Simul
509 630 740 676 secundus
776 629 1012 676 incidisset
1047 629 1093 675 in
1130 629 1319 689 pedem:

329 695 488 756 Neque
524 695 614 742 ulla
649 704 756 742 uota
792 695 1047 742 litoralibus
1083 695 1168 741 diis

330 761 427 808 Sibi
463 777 562 809 esse
597 763 728 818 facta,
767 776 870 809 cum
905 761 1090 808 ueniret
1124 776 1148 807 a
1183 762 1329 807 marei

329 827 581 875 Novissimo
618 828 744 875 hunc
780 830 834 875 ad
869 842 1015 888 usque
1050 827 1291 888 limpidum
1325 827 1489 874 lacum.

254 902 297 940 25
333 893 424 941 Sed
459 895 572 941 haec
606 895 735 955 prius
770 895 925 941 fuere:
965 908 1092 940 nunc
1127 893 1367 941 recondita

330 960 471 1007 Senet
507 961 660 1021 quiete
695 975 837 1021 seque
872 961 1050 1007 dedicat
1085 959 1183 1017 tibi,

331 1026 533 1073 Gemelle
570 1026 727 1074 Castor
762 1033 807 1073 et
841 1026 1033 1087 gemelle
1071 1025 1284 1073 Castoris.

131 1276 162 1331 5
329 1275 571 1336 viamus,
607 1293 708 1325 mea
743 1278 919 1336 Lesbia,
955 1287 1093 1340 atque
1129 1293 1345 1334 amemus,

329 1345 649 1406 Rumoresque
684 1359 848 1393 senum
883 1345 1172 1392 seueriorum

331 1411 503 1459 Omnes
537 1411 675 1458 unius
709 1412 1003 1459 aestimemus
1037 1412 1162 1459 assis.

331 1477 461 1525 Soles
498 1477 707 1525 occidere
744 1484 789 1524 et
822 1478 972 1524 redire
1007 1484 1226 1539 possunt:

274 1553 296 1590 5
329 1543 471 1591 Nobis
507 1559 613 1591 cum
649 1545 791 1592 semel
827 1545 993 1592 occidit
1027 1544 1182 1591 breuis
1217 1544 1311 1600 lux,

330 1610 430 1657 Nox
466 1618 534 1658 est
569 1617 792 1672 perpetua
826 1625 919 1658 una
955 1611 1238 1657 dormienda.

331 1676 396 1723 Da
429 1677 493 1724 mi
526 1677 650 1725 basia
685 1677 821 1735 mille,
859 1677 1024 1724 deinde
1061 1684 1264 1733 centum,

330 1743 446 1790 Dein
480 1743 602 1790 mille
638 1743 792 1801 altera,
829 1743 935 1790 dein
970 1744 1172 1791 secunda
1210 1748 1412 1798 centum,

269 1915 316 1953 15
374 1912 563 1961 hasellus]
592 1913 606 1952 l
635 1913 769 1952 altera
799 1925 917 1951 erasa
946 1915 990 1951 in
1021 1912 1054 1951 G
1088 1913 1102 1964 ss
1142 1915 1187 1953 17
1217 1910 1305 1951 Tuo
1338 1909 1413 1949 O*:
1444 1908 1551 1949 Tuas
1584 1909 1616 1949 G
1643 1908 1657 1961 ΙΙ
1683 1909 1810 1961 impo-

134 1966 264 2006 tencia
287 1966 319 2005 0
388 1968 438 2007 20
468 1965 620 2006 Vocare
641 1978 732 2006 cura
754 1966 791 2006 V
820 1965 990 2016 Vagaret
1009 1965 1304 2004 Lachmannus
1329 1963 1343 2014 ΙΙ
1371 1965 1539 2014 utraque
1560 1963 1605 2003 V
1624 1962 1638 2013 ΙΙ
1667 1964 1717 2002 22
1748 1963 1813 2003 lit-

134 2019 326 2059 toralibus
357 2018 389 2057 0
416 2018 433 2071 Ι
475 2021 525 2060 23
555 2030 577 2058 a
605 2020 726 2059 marei
754 2019 1063 2058 Lachmannus:
1094 2020 1244 2057 amaret
1274 2017 1319 2057 V
1345 2014 1360 2066 ΙΙ
1398 2018 1450 2056 24
1477 2016 1704 2056 Nouissime
1736 2018 1781 2057 V
1797 2015 1811 2066 ΙΙ

135 2074 184 2112 25
212 2072 309 2112 haec
340 2072 407 2122 (h’)
439 2071 490 2112 O:
520 2072 596 2112 hoc
627 2072 660 2112 G
694 2073 708 2121 ΙΙ
741 2072 959 2112 recomdita
991 2070 1046 2110 Ο*
1074 2070 1087 2124 ΙΙ
1120 2073 1168 2111 27
1200 2070 1351 2117 Castor]
1382 2072 1554 2109 castrum
1583 2069 1627 2109 V
1645 2082 1734 2108 sse-7·
1762 2070 1811 2108 al‘

134 2127 332 2166 castorum
363 2124 414 2164 G¹
448 2123 463 2176 ΙΙ
501 2127 655 2166 25-27
688 2137 852 2166 senesco
883 2127 922 2165 et
951 2136 1072 2165 seneo
1101 2123 1206 2176 apud
1234 2123 1422 2174 antiquos
1451 2122 1676 2162 dicebatur:
1707 2122 1811 2162 unde

134 2182 173 2218 et
201 2178 380 2218 Catullus
406 2173 525 2218 ‘nunc
554 2178 757 2218 recondita
785 2202 836 2208 —
866 2174 1059 2218 Castoris’
1091 2177 1309 2216 Diomedes
1334 2189 1376 2227 p.
1397 2176 1485 2225 544,
1504 2175 1599 2226 6K.‚
1635 2175 1739 2216 unde
1771 2179 1812 2215 et

134 2231 312 2272 Catullus
340 2232 398 2272 sic
426 2231 578 2272 rettulit
604 2227 724 2272 ‘nunc
752 2231 955 2272 recondita
983 2255 1035 2260 —
1065 2231 1137 2270 tibi
1166 2230 1341 2271 Gemelle
1369 2229 1518 2279 (media
1548 2230 1711 2278 desunt)
1740 2229 1812 2268 Ca-

134 2278 269 2324 storis'
303 2284 517 2347 Οήιζήεζαε
538 2297 581 2335 p.
600 2286 775 2335 252‚24‚
804 2285 982 2325 Catullus
1009 2280 1093 2324 ‘sed
1122 2284 1244 2324 haec.
1263 2315 1270 2323 .
1288 2283 1414 2335 (prius
1442 2295 1507 2321 om
1536 2283 1650 2333 libri)
1677 2282 1810 2323 fuere:

134 2349 172 2377 n·
199 2350 231 2377 r·
260 2350 296 2432 85
322 2339 750 2430 ἳνῗὲἓὲξίἰίξιηηῖοξιαφζέἵιὶ
774 2341 934 2430 ξιηθῗὲτιξ,
943 2340 1002 2430 1479
1022 2338 1286 2430 {astare-{2335}
1295 2390 1462 2428 titulum
1489 2388 1545 2428 De
1573 2388 1714 2428 Lesbia
1746 2387 1812 2438 G¹‚

134 2443 244 2482 unde
271 2443 333 2483 Ad
361 2443 540 2485 Lesbiam
567 2443 672 2491 fecit
693 2456 725 2494 g
753 2444 829 2493 [Ad
857 2443 1038 2484 Lesbiam
1063 2443 1343 2491 ABCDHLA]
1371 2442 1387 2496 ss
1417 2445 1435 2483 1
1466 2441 1623 2481 luamus
1651 2441 1811 2502 (litter-51

135 2497 295 2536 initiali
319 2499 539 2537 miniatori
564 2499 796 2546 reseruata)
825 2498 855 2536 0
881 2497 897 2548 ΙΙ
925 2499 948 2537 3
979 2497 1193 2537 estinemus
1216 2495 1272 2536 0*
1299 2496 1545 2545 [estimemus
1567 2494 1684 2542 CHL]
1713 2500 1813 2533 exu-

134 2561 288 2590 memus
318 2549 351 2589 G
377 2549 394 2603 ΙΙ
421 2553 446 2590 4
475 2550 630 2590 ocidere
663 2550 731 2591 O*.
787 2550 836 2589 da
864 2551 1046 2601 propriae
1075 2550 1280 2602 qualitatis
1314 2560 1470 2589 nomen.
1524 2543 1620 2588 ‘sol'
1651 2550 1690 2587 et
1718 2546 1813 2599 quia

135 2603 218 2654 (qui
247 2603 470 2654 Hauptius)
499 2603 599 2643 dixit
626 2598 749 2644 ‘soles
777 2603 833 2643 ire
862 2607 902 2642 et
937 2603 1064 2643 redire
1102 2598 1287 2654 possunt'
1318 2614 1390 2654 pro
1429 2601 1569 2641 diebus
1608 2601 1684 2641 hoc
1713 2600 1814 2640 dixit

136 2655 296 2695 Iuliani
327 2656 518 2696 Toletum·
545 2661 625 2696 art.
641 2669 819 2707 gramm.
835 2669 878 2707 p.
893 2655 966 2696 65⁶
983 2657 1042 2696 ed.
1058 2669 1162 2696 rom.
1206 2656 1259 2703 cs:
1279 2657 1444 2706 Hagent
1471 2654 1604 2705 suppl.
1629 2666 1810 2704 gramm.

137 2709 255 2749 latin.
269 2722 314 2759 p.
334 2710 528 2759 σσΧΧ,’12
555 2708 570 2762 ΙΙ
599 2713 622 2751 5
651 2710 868 2750 Nobiscum
892 2710 937 2749 V
953 2708 968 2761 ΙΙ
995 2713 1016 2750 7
1033 2723 1118 2761 sqq.
1149 2712 1221 2749 lzos
1251 2722 1395 2749 uersus
1420 2710 1605 2758 respeoeit
1626 2707 1812 2747 Catullus

136 2762 296 2813 ipsc-¹16,
310 2762 361 2803 12
390 2767 431 2802 et
455 2763 668 2803 Martialis
695 2763 754 2813 Μ,
769 2765 805 2811 6,
821 2763 868 2802 44
896 2762 951 2802 Da
980 2775 1084 2803 nunc
1112 2763 1236 2814 basia,
1267 2762 1336 2803 sed
1365 2761 1590 2801 catulliana.
1647 2760 1755 2807 Quae
1776 2760 1810 2798 si

137 2817 198 2854 tot
225 2814 372 2855 suerint
401 2820 500 2868 quot
526 2816 594 2856 ille
623 2816 746 2867 dixit,
783 2816 947 2856 Donabo
981 2816 1054 2855 tibi
1082 2828 1283 2868 passerem
1314 2814 1470 2865 Catulli,
1496 2817 1533 2865 6,
1559 2815 1624 2864 54,
1651 2814 1676 2853 7
1704 2813 1808 2853 Nolo

136 2870 234 2919 quot
261 2869 407 2919 (basia)
435 2872 576 2921 arguto
606 2869 715 2909 dedit
743 2872 904 2927 exorata
925 2869 1078 2931 Catullo
1099 2869 1259 2909 Lesbia:
1290 2880 1414 2931 pauca
1444 2868 1554 2920 cupit
1576 2867 1646 2919 qui
1674 2878 1812 2907 nume-

134 2924 395 3015 ffissffiffifssss’
411 2923 538 3015 5351?
539 2922 832 3026 “{z'affifflhmgn
844 2921 1472 3016 n‘ssild3¹³1¹121¹1³12¹¹23132⁸¹312¹311¹¹d4
1489 2950 1553 3015 V·
1577 2919 1811 3014 „3332‘133

135 3024 258 3066 altera
286 3026 335 3067 da
359 3040 391 3078 g
419 3028 599 3077 [BCHA]
