<?xml version="1.0" encoding="UTF-8"?>
<!DOCTYPE html PUBLIC "-//W3C//DTD XHTML 1.0 Transitional//EN"
    "http://www.w3.org/TR/xhtml1/DTD/xhtml1-transitional.dtd">
<html xmlns="http://www.w3.org/1999/xhtml" xml:lang="en" lang="en">
 <head>
  <title>
</title>
<meta http-equiv="Content-Type" content="text/html;charset=utf-8" />
  <meta name='ocr-system' content='tesseract 3.04.00' />
  <meta name='ocr-capabilities' content='ocr_page ocr_carea ocr_par ocr_line ocrx_word'/>
</head>
<body>
  <div class='ocr_page' id='page_1' title='image "./catvlliveronensi00catuuoft_0099.png"; bbox 0 0 2040 3372; ppageno 0'>
   <div class='ocr_carea' id='block_1_1' title="bbox 771 96 1770 148">
    <p class='ocr_par' dir='ltr' id='par_1_1' title="bbox 771 96 1770 148">
     <span class='ocr_line' id='line_1_1' title="bbox 771 96 1770 148; baseline 0.005 -11"><span class='ocrx_word' id='word_1_1' title='bbox 771 99 835 148; x_wconf 84' lang='lat'><strong>64,</strong></span> <span class='ocrx_word' id='word_1_2' title='bbox 863 97 1061 144; x_wconf 83' lang='lat'><strong>395-65,</strong></span> <span class='ocrx_word' id='word_1_3' title='bbox 1091 99 1114 137; x_wconf 84' lang='lat'>9</span> <span class='ocrx_word' id='word_1_4' title='bbox 1710 96 1770 142; x_wconf 84' lang='lat'><strong>71</strong></span> 
     </span>
    </p>
   </div>
   <div class='ocr_carea' id='block_1_2' title="bbox 123 230 1555 1153">
    <p class='ocr_par' dir='ltr' id='par_1_2' title="bbox 129 230 1555 556">
     <span class='ocr_line' id='line_1_2' title="bbox 129 230 1464 294; baseline -0.003 -13"><span class='ocrx_word' id='word_1_5' title='bbox 129 242 197 282; x_wconf 82' lang='lat'><strong>395</strong></span> <span class='ocrx_word' id='word_1_6' title='bbox 228 232 320 280; x_wconf 85' lang='lat' dir='ltr'><strong>Aut</strong></span> <span class='ocrx_word' id='word_1_7' title='bbox 354 231 501 294; x_wconf 86' lang='lat' dir='ltr'><strong>rapidi</strong></span> <span class='ocrx_word' id='word_1_8' title='bbox 537 230 740 278; x_wconf 88' lang='lat' dir='ltr'><strong>Tritonis</strong></span> <span class='ocrx_word' id='word_1_9' title='bbox 773 230 884 277; x_wconf 86' lang='lat' dir='ltr'><strong>bera</strong></span> <span class='ocrx_word' id='word_1_10' title='bbox 920 235 999 276; x_wconf 91' lang='lat' dir='ltr'><strong>aut</strong></span> <span class='ocrx_word' id='word_1_11' title='bbox 1032 230 1296 278; x_wconf 84' lang='lat' dir='ltr'><strong>rhamnusia</strong></span> <span class='ocrx_word' id='word_1_12' title='bbox 1331 230 1464 291; x_wconf 85' lang='lat' dir='ltr'><strong>uirgo</strong></span> 
     </span>
     <span class='ocr_line' id='line_1_3' title="bbox 226 297 1555 357; baseline -0.002 -11"><span class='ocrx_word' id='word_1_13' title='bbox 226 299 436 346; x_wconf 83' lang='lat' dir='ltr'><strong>Armatas</strong></span> <span class='ocrx_word' id='word_1_14' title='bbox 467 297 712 344; x_wconf 90' lang='lat' dir='ltr'><strong>hominum</strong></span> <span class='ocrx_word' id='word_1_15' title='bbox 747 302 816 344; x_wconf 88' lang='lat' dir='ltr'><strong>est</strong></span> <span class='ocrx_word' id='word_1_16' title='bbox 856 310 1077 357; x_wconf 84' lang='lat' dir='ltr'>praesens</span> <span class='ocrx_word' id='word_1_17' title='bbox 1111 297 1292 343; x_wconf 82' lang='lat' dir='ltr'><strong>hortata</strong></span> <span class='ocrx_word' id='word_1_18' title='bbox 1328 301 1555 345; x_wconf 49' lang='lat' dir='ltr'><strong>cateruas*</strong></span> 
     </span>
     <span class='ocr_line' id='line_1_4' title="bbox 227 362 1538 426; baseline -0.002 -14"><span class='ocrx_word' id='word_1_19' title='bbox 227 365 318 412; x_wconf 91' lang='lat' dir='ltr'><strong>Sed</strong></span> <span class='ocrx_word' id='word_1_20' title='bbox 350 370 596 426; x_wconf 83' lang='lat' dir='ltr'><strong>postquam</strong></span> <span class='ocrx_word' id='word_1_21' title='bbox 631 363 767 410; x_wconf 88' lang='lat' dir='ltr'><strong>tellus</strong></span> <span class='ocrx_word' id='word_1_22' title='bbox 801 362 975 409; x_wconf 86' lang='lat' dir='ltr'><strong>scelere</strong></span> <span class='ocrx_word' id='word_1_23' title='bbox 1010 368 1079 409; x_wconf 90' lang='lat' dir='ltr'><strong>est</strong></span> <span class='ocrx_word' id='word_1_24' title='bbox 1112 362 1287 409; x_wconf 87' lang='lat' dir='ltr'><strong>imbuta</strong></span> <span class='ocrx_word' id='word_1_25' title='bbox 1323 363 1538 420; x_wconf 86' lang='lat' dir='ltr'><strong>nefando,</strong></span> 
     </span>
     <span class='ocr_line' id='line_1_5' title="bbox 227 428 1490 490; baseline -0.001 -12"><span class='ocrx_word' id='word_1_26' title='bbox 227 431 544 490; x_wconf 84' lang='lat' dir='ltr'><strong>Iustitiamque</strong></span> <span class='ocrx_word' id='word_1_27' title='bbox 579 443 741 476; x_wconf 91' lang='lat' dir='ltr'><strong>omnes</strong></span> <span class='ocrx_word' id='word_1_28' title='bbox 775 429 941 490; x_wconf 86' lang='lat' dir='ltr'><strong>cupida</strong></span> <span class='ocrx_word' id='word_1_29' title='bbox 977 428 1033 475; x_wconf 94' lang='lat' dir='ltr'><strong>de</strong></span> <span class='ocrx_word' id='word_1_30' title='bbox 1068 435 1222 475; x_wconf 91' lang='lat' dir='ltr'><strong>mente</strong></span> <span class='ocrx_word' id='word_1_31' title='bbox 1257 429 1490 488; x_wconf 83' lang='lat' dir='ltr'><strong>fugarunt,</strong></span> 
     </span>
     <span class='ocr_line' id='line_1_6' title="bbox 228 495 1396 556; baseline -0.002 -12"><span class='ocrx_word' id='word_1_32' title='bbox 228 497 480 544; x_wconf 87' lang='lat' dir='ltr'><strong>Perfudere</strong></span> <span class='ocrx_word' id='word_1_33' title='bbox 514 510 680 542; x_wconf 88' lang='lat' dir='ltr'><strong>manus</strong></span> <span class='ocrx_word' id='word_1_34' title='bbox 714 495 919 541; x_wconf 81' lang='lat' dir='ltr'><strong>fraterno</strong></span> <span class='ocrx_word' id='word_1_35' title='bbox 955 495 1182 556; x_wconf 87' lang='lat' dir='ltr'><strong>sanguine</strong></span> <span class='ocrx_word' id='word_1_36' title='bbox 1216 495 1396 552; x_wconf 84' lang='lat' dir='ltr'><strong>fratres,</strong></span> 
     </span>
    </p>

    <p class='ocr_par' dir='ltr' id='par_1_3' title="bbox 125 561 1295 622">
     <span class='ocr_line' id='line_1_7' title="bbox 125 561 1295 622; baseline -0.003 -11"><span class='ocrx_word' id='word_1_37' title='bbox 125 573 195 611; x_wconf 83' lang='grc'><strong>400</strong></span> <span class='ocrx_word' id='word_1_38' title='bbox 228 563 408 611; x_wconf 83' lang='lat' dir='ltr'><strong>Destitit</strong></span> <span class='ocrx_word' id='word_1_39' title='bbox 441 563 668 609; x_wconf 85' lang='lat' dir='ltr'><strong>extinctos</strong></span> <span class='ocrx_word' id='word_1_40' title='bbox 702 567 838 608; x_wconf 89' lang='lat' dir='ltr'><strong>natus</strong></span> <span class='ocrx_word' id='word_1_41' title='bbox 871 561 1030 621; x_wconf 85' lang='lat' dir='ltr'><strong>lugere</strong></span> <span class='ocrx_word' id='word_1_42' title='bbox 1064 567 1295 622; x_wconf 88' lang='lat' dir='ltr'><strong>parentes,</strong></span> 
     </span>
    </p>

    <p class='ocr_par' dir='ltr' id='par_1_4' title="bbox 229 627 1221 691">
     <span class='ocr_line' id='line_1_8' title="bbox 229 627 1221 691; baseline -0.003 -15"><span class='ocrx_word' id='word_1_43' title='bbox 229 629 416 691; x_wconf 89' lang='lat' dir='ltr'><strong>Optauit</strong></span> <span class='ocrx_word' id='word_1_44' title='bbox 449 629 633 690; x_wconf 86' lang='lat' dir='ltr'><strong>genitor</strong></span> <span class='ocrx_word' id='word_1_45' title='bbox 666 627 892 689; x_wconf 89' lang='lat' dir='ltr'><strong>primaeui</strong></span> <span class='ocrx_word' id='word_1_46' title='bbox 928 628 1091 674; x_wconf 87' lang='lat' dir='ltr'><strong>funera</strong></span> <span class='ocrx_word' id='word_1_47' title='bbox 1126 627 1221 673; x_wconf 91' lang='lat' dir='ltr'><strong>nati</strong></span> 
     </span>
    </p>

    <p class='ocr_par' dir='ltr' id='par_1_5' title="bbox 225 694 1451 889">
     <span class='ocr_line' id='line_1_9' title="bbox 225 694 1406 756; baseline -0.002 -14"><span class='ocrx_word' id='word_1_48' title='bbox 225 695 367 742; x_wconf 90' lang='lat' dir='ltr'><strong>Liber</strong></span> <span class='ocrx_word' id='word_1_49' title='bbox 400 701 451 741; x_wconf 94' lang='lat' dir='ltr'><strong>ut</strong></span> <span class='ocrx_word' id='word_1_50' title='bbox 483 695 709 756; x_wconf 87' lang='lat' dir='ltr'><strong>innuptae</strong></span> <span class='ocrx_word' id='word_1_51' title='bbox 743 700 978 755; x_wconf 89' lang='lat' dir='ltr'><strong>poteretur</strong></span> <span class='ocrx_word' id='word_1_52' title='bbox 1011 694 1126 740; x_wconf 87' lang='lat' dir='ltr'><strong>flore</strong></span> <span class='ocrx_word' id='word_1_53' title='bbox 1161 707 1406 752; x_wconf 87' lang='lat' dir='ltr'><strong>nouercae,</strong></span> 
     </span>
     <span class='ocr_line' id='line_1_10' title="bbox 226 760 1313 822; baseline -0.002 -15"><span class='ocrx_word' id='word_1_54' title='bbox 226 762 393 822; x_wconf 82' lang='lat' dir='ltr'><strong>Ignaro</strong></span> <span class='ocrx_word' id='word_1_55' title='bbox 427 766 574 807; x_wconf 87' lang='lat' dir='ltr'><strong>mater</strong></span> <span class='ocrx_word' id='word_1_56' title='bbox 606 760 914 808; x_wconf 90' lang='lat' dir='ltr'><strong>substernens</strong></span> <span class='ocrx_word' id='word_1_57' title='bbox 946 774 996 807; x_wconf 90' lang='lat' dir='ltr'><strong>se</strong></span> <span class='ocrx_word' id='word_1_58' title='bbox 1031 760 1170 821; x_wconf 91' lang='lat' dir='ltr'><strong>impia</strong></span> <span class='ocrx_word' id='word_1_59' title='bbox 1204 766 1313 806; x_wconf 88' lang='lat' dir='ltr'><strong>nato</strong></span> 
     </span>
     <span class='ocr_line' id='line_1_11' title="bbox 226 826 1451 889; baseline 0 -15"><span class='ocrx_word' id='word_1_60' title='bbox 226 827 371 889; x_wconf 87' lang='lat' dir='ltr'><strong>Impia</strong></span> <span class='ocrx_word' id='word_1_61' title='bbox 407 842 503 874; x_wconf 89' lang='lat' dir='ltr'><strong>non</strong></span> <span class='ocrx_word' id='word_1_62' title='bbox 538 827 686 873; x_wconf 86' lang='lat' dir='ltr'><strong>uerita</strong></span> <span class='ocrx_word' id='word_1_63' title='bbox 722 833 792 874; x_wconf 86' lang='lat' dir='ltr'><strong>est</strong></span> <span class='ocrx_word' id='word_1_64' title='bbox 824 827 957 873; x_wconf 91' lang='lat' dir='ltr'><strong>diuos</strong></span> <span class='ocrx_word' id='word_1_65' title='bbox 990 826 1216 874; x_wconf 87' lang='lat' dir='ltr'><strong>scelerare</strong></span> <span class='ocrx_word' id='word_1_66' title='bbox 1249 831 1451 887; x_wconf 81' lang='lat' dir='ltr'><strong>penates,</strong></span> 
     </span>
    </p>

    <p class='ocr_par' dir='ltr' id='par_1_6' title="bbox 123 893 1408 1153">
     <span class='ocr_line' id='line_1_12' title="bbox 123 893 1408 953; baseline -0.002 -12"><span class='ocrx_word' id='word_1_67' title='bbox 123 902 192 942; x_wconf 81' lang='lat'><strong>405</strong></span> <span class='ocrx_word' id='word_1_68' title='bbox 229 894 396 941; x_wconf 89' lang='lat' dir='ltr'><strong>Omnia</strong></span> <span class='ocrx_word' id='word_1_69' title='bbox 429 894 565 940; x_wconf 86' lang='lat' dir='ltr'><strong>fanda</strong></span> <span class='ocrx_word' id='word_1_70' title='bbox 601 893 799 940; x_wconf 88' lang='lat' dir='ltr'><strong>nefanda</strong></span> <span class='ocrx_word' id='word_1_71' title='bbox 834 893 954 939; x_wconf 91' lang='lat' dir='ltr'><strong>malo</strong></span> <span class='ocrx_word' id='word_1_72' title='bbox 990 893 1216 953; x_wconf 88' lang='lat' dir='ltr'><strong>permixta</strong></span> <span class='ocrx_word' id='word_1_73' title='bbox 1250 893 1408 939; x_wconf 88' lang='lat' dir='ltr'><strong>furore</strong></span> 
     </span>
     <span class='ocr_line' id='line_1_13' title="bbox 225 958 1376 1007; baseline -0.003 0"><span class='ocrx_word' id='word_1_74' title='bbox 225 960 475 1007; x_wconf 86' lang='lat' dir='ltr'><strong>Iustifioam</strong></span> <span class='ocrx_word' id='word_1_75' title='bbox 511 959 648 1006; x_wconf 90' lang='lat' dir='ltr'><strong>nobis</strong></span> <span class='ocrx_word' id='word_1_76' title='bbox 682 965 886 1006; x_wconf 90' lang='lat' dir='ltr'><strong>mentem</strong></span> <span class='ocrx_word' id='word_1_77' title='bbox 922 965 1132 1005; x_wconf 88' lang='lat' dir='ltr'><strong>auertere</strong></span> <span class='ocrx_word' id='word_1_78' title='bbox 1167 958 1376 1006; x_wconf 90' lang='lat' dir='ltr'><strong>deorum.</strong></span> 
     </span>
     <span class='ocr_line' id='line_1_14' title="bbox 228 1025 1308 1087; baseline -0.003 -14"><span class='ocrx_word' id='word_1_79' title='bbox 228 1026 381 1081; x_wconf 87' lang='lat' dir='ltr'><strong>Quare</strong></span> <span class='ocrx_word' id='word_1_80' title='bbox 417 1040 504 1073; x_wconf 87' lang='lat' dir='ltr'><strong>nec</strong></span> <span class='ocrx_word' id='word_1_81' title='bbox 538 1026 641 1072; x_wconf 89' lang='lat' dir='ltr'><strong>talis</strong></span> <span class='ocrx_word' id='word_1_82' title='bbox 675 1025 926 1087; x_wconf 86' lang='lat' dir='ltr'><strong>dignantur</strong></span> <span class='ocrx_word' id='word_1_83' title='bbox 959 1025 1113 1071; x_wconf 92' lang='lat' dir='ltr'><strong>uisere</strong></span> <span class='ocrx_word' id='word_1_84' title='bbox 1148 1031 1308 1071; x_wconf 87' lang='lat' dir='ltr'><strong>coetus</strong></span> 
     </span>
     <span class='ocr_line' id='line_1_15' title="bbox 225 1090 1307 1153; baseline -0.003 -14"><span class='ocrx_word' id='word_1_85' title='bbox 225 1093 321 1139; x_wconf 86' lang='lat' dir='ltr'><strong>Nee</strong></span> <span class='ocrx_word' id='word_1_86' title='bbox 355 1107 405 1139; x_wconf 92' lang='lat' dir='ltr'><strong>se</strong></span> <span class='ocrx_word' id='word_1_87' title='bbox 439 1091 646 1152; x_wconf 87' lang='lat' dir='ltr'><strong>contingi</strong></span> <span class='ocrx_word' id='word_1_88' title='bbox 682 1091 922 1153; x_wconf 89' lang='lat' dir='ltr'><strong>patiuntur</strong></span> <span class='ocrx_word' id='word_1_89' title='bbox 954 1090 1130 1137; x_wconf 91' lang='lat' dir='ltr'><strong>lumine</strong></span> <span class='ocrx_word' id='word_1_90' title='bbox 1166 1090 1307 1137; x_wconf 88' lang='lat' dir='ltr'><strong>claro.</strong></span> 
     </span>
    </p>
   </div>
   <div class='ocr_carea' id='block_1_3' title="bbox 94 1287 1630 1880">
    <p class='ocr_par' dir='ltr' id='par_1_7' title="bbox 94 1287 1630 1880">
     <span class='ocr_line' id='line_1_16' title="bbox 94 1287 1364 1342; baseline -0.002 -5"><span class='ocrx_word' id='word_1_91' title='bbox 94 1288 161 1342; x_wconf 78' lang='grc'><strong>65</strong></span> <span class='ocrx_word' id='word_1_92' title='bbox 293 1287 398 1341; x_wconf 84' lang='lat' dir='ltr'><strong>Etsi</strong></span> <span class='ocrx_word' id='word_1_93' title='bbox 432 1304 506 1336; x_wconf 93' lang='lat' dir='ltr'><strong>me</strong></span> <span class='ocrx_word' id='word_1_94' title='bbox 540 1289 723 1336; x_wconf 89' lang='lat' dir='ltr'><strong>assiduo</strong></span> <span class='ocrx_word' id='word_1_95' title='bbox 759 1289 1024 1335; x_wconf 84' lang='lat' dir='ltr'><strong>confectum</strong></span> <span class='ocrx_word' id='word_1_96' title='bbox 1060 1302 1169 1334; x_wconf 88' lang='lat' dir='ltr'><strong>cura</strong></span> <span class='ocrx_word' id='word_1_97' title='bbox 1204 1288 1364 1335; x_wconf 88' lang='lat' dir='ltr'><strong>dolore</strong></span> 
     </span>
     <span class='ocr_line' id='line_1_17' title="bbox 367 1354 1335 1414; baseline -0.003 -11"><span class='ocrx_word' id='word_1_98' title='bbox 367 1356 560 1403; x_wconf 88' lang='lat' dir='ltr'><strong>Seuoeat</strong></span> <span class='ocrx_word' id='word_1_99' title='bbox 594 1370 619 1401; x_wconf 96' lang='lat' dir='ltr'><strong>a</strong></span> <span class='ocrx_word' id='word_1_100' title='bbox 654 1355 815 1413; x_wconf 85' lang='lat' dir='ltr'><strong>doctis,</strong></span> <span class='ocrx_word' id='word_1_101' title='bbox 854 1354 1023 1411; x_wconf 83' lang='lat' dir='ltr'><strong>Ortale‚</strong></span> <span class='ocrx_word' id='word_1_102' title='bbox 1059 1354 1335 1414; x_wconf 86' lang='lat' dir='ltr'><strong>uirginibus,</strong></span> 
     </span>
     <span class='ocr_line' id='line_1_18' title="bbox 291 1420 1564 1484; baseline -0.001 -15"><span class='ocrx_word' id='word_1_103' title='bbox 291 1422 387 1470; x_wconf 85' lang='lat' dir='ltr'><strong>Nec</strong></span> <span class='ocrx_word' id='word_1_104' title='bbox 422 1422 544 1484; x_wconf 92' lang='lat' dir='ltr'><strong>potis</strong></span> <span class='ocrx_word' id='word_1_105' title='bbox 579 1428 650 1469; x_wconf 89' lang='lat' dir='ltr'><strong>est</strong></span> <span class='ocrx_word' id='word_1_106' title='bbox 684 1421 829 1468; x_wconf 87' lang='lat' dir='ltr'><strong>dulcis</strong></span> <span class='ocrx_word' id='word_1_107' title='bbox 862 1434 1100 1468; x_wconf 80' lang='lat' dir='ltr'><strong>musarum</strong></span> <span class='ocrx_word' id='word_1_108' title='bbox 1137 1434 1410 1483; x_wconf 86' lang='lat' dir='ltr'><strong>expromere</strong></span> <span class='ocrx_word' id='word_1_109' title='bbox 1444 1420 1564 1468; x_wconf 88' lang='lat' dir='ltr'><strong>fetus</strong></span> 
     </span>
     <span class='ocr_line' id='line_1_19' title="bbox 361 1487 1408 1548; baseline -0.002 -13"><span class='ocrx_word' id='word_1_110' title='bbox 361 1488 494 1536; x_wconf 91' lang='lat' dir='ltr'><strong>Mens</strong></span> <span class='ocrx_word' id='word_1_111' title='bbox 528 1488 671 1534; x_wconf 92' lang='lat' dir='ltr'><strong>animi</strong></span> <span class='ocrx_word' id='word_1_112' title='bbox 705 1488 863 1547; x_wconf 89' lang='lat' dir='ltr'><strong>(tantis</strong></span> <span class='ocrx_word' id='word_1_113' title='bbox 898 1487 1090 1534; x_wconf 86' lang='lat' dir='ltr'><strong>fluctuat</strong></span> <span class='ocrx_word' id='word_1_114' title='bbox 1123 1487 1222 1548; x_wconf 90' lang='lat' dir='ltr'><strong>ipsa</strong></span> <span class='ocrx_word' id='word_1_115' title='bbox 1256 1487 1408 1534; x_wconf 88' lang='lat' dir='ltr'><strong>malis:</strong></span> 
     </span>
     <span class='ocr_line' id='line_1_20' title="bbox 238 1553 1432 1616; baseline -0.001 -15"><span class='ocrx_word' id='word_1_116' title='bbox 238 1563 260 1601; x_wconf 87' lang='lat'><strong>5</strong></span> <span class='ocrx_word' id='word_1_117' title='bbox 293 1554 502 1616; x_wconf 87' lang='lat' dir='ltr'><strong>Namque</strong></span> <span class='ocrx_word' id='word_1_118' title='bbox 537 1555 628 1601; x_wconf 90' lang='lat' dir='ltr'><strong>mei</strong></span> <span class='ocrx_word' id='word_1_119' title='bbox 663 1569 815 1616; x_wconf 90' lang='lat' dir='ltr'><strong>nuper</strong></span> <span class='ocrx_word' id='word_1_120' title='bbox 849 1553 1026 1601; x_wconf 88' lang='lat' dir='ltr'><strong>lethaeo</strong></span> <span class='ocrx_word' id='word_1_121' title='bbox 1062 1553 1244 1614; x_wconf 84' lang='lat' dir='ltr'><strong>gurgite</strong></span> <span class='ocrx_word' id='word_1_122' title='bbox 1278 1554 1432 1600; x_wconf 86' lang='lat' dir='ltr'><strong>fratris</strong></span> 
     </span>
     <span class='ocr_line' id='line_1_21' title="bbox 365 1619 1406 1681; baseline -0.002 -13"><span class='ocrx_word' id='word_1_123' title='bbox 365 1621 639 1668; x_wconf 91' lang='lat' dir='ltr'><strong>Pallidulum</strong></span> <span class='ocrx_word' id='word_1_124' title='bbox 673 1635 869 1667; x_wconf 90' lang='lat' dir='ltr'><strong>manans</strong></span> <span class='ocrx_word' id='word_1_125' title='bbox 904 1620 1033 1667; x_wconf 86' lang='lat' dir='ltr'><strong>alluit</strong></span> <span class='ocrx_word' id='word_1_126' title='bbox 1066 1619 1190 1666; x_wconf 90' lang='lat' dir='ltr'><strong>unda</strong></span> <span class='ocrx_word' id='word_1_127' title='bbox 1227 1620 1406 1681; x_wconf 88' lang='lat' dir='ltr'><strong>pedem,</strong></span> 
     </span>
     <span class='ocr_line' id='line_1_22' title="bbox 294 1686 1370 1748; baseline -0.001 -14"><span class='ocrx_word' id='word_1_128' title='bbox 294 1687 432 1734; x_wconf 88' lang='lat' dir='ltr'><strong>Troia</strong></span> <span class='ocrx_word' id='word_1_129' title='bbox 466 1688 656 1734; x_wconf 88' lang='lat' dir='ltr'><strong>rhoeteo</strong></span> <span class='ocrx_word' id='word_1_130' title='bbox 693 1702 831 1748; x_wconf 91' lang='lat' dir='ltr'><strong>quem</strong></span> <span class='ocrx_word' id='word_1_131' title='bbox 868 1686 1029 1733; x_wconf 89' lang='lat' dir='ltr'><strong>subter</strong></span> <span class='ocrx_word' id='word_1_132' title='bbox 1063 1686 1199 1732; x_wconf 90' lang='lat' dir='ltr'><strong>litore</strong></span> <span class='ocrx_word' id='word_1_133' title='bbox 1234 1686 1370 1733; x_wconf 89' lang='lat' dir='ltr'><strong>tellus</strong></span> 
     </span>
     <span class='ocr_line' id='line_1_23' title="bbox 367 1752 1301 1815; baseline -0.001 -16"><span class='ocrx_word' id='word_1_134' title='bbox 367 1753 592 1815; x_wconf 87' lang='lat' dir='ltr'><strong>Ereptum</strong></span> <span class='ocrx_word' id='word_1_135' title='bbox 629 1753 801 1800; x_wconf 88' lang='lat' dir='ltr'><strong>nostris</strong></span> <span class='ocrx_word' id='word_1_136' title='bbox 837 1752 1006 1799; x_wconf 90' lang='lat' dir='ltr'><strong>obterit</strong></span> <span class='ocrx_word' id='word_1_137' title='bbox 1041 1767 1097 1798; x_wconf 87' lang='lat' dir='ltr'><strong>ex</strong></span> <span class='ocrx_word' id='word_1_138' title='bbox 1132 1752 1301 1799; x_wconf 84' lang='lat' dir='ltr'><strong>oculis:</strong></span> 
     </span>
     <span class='ocr_line' id='line_1_24' title="bbox 294 1818 1630 1880; baseline -0.001 -15"><span class='ocrx_word' id='word_1_139' title='bbox 294 1819 528 1880; x_wconf 88' lang='lat' dir='ltr'><strong>[Alloquar</strong></span> <span class='ocrx_word' id='word_1_140' title='bbox 562 1819 749 1866; x_wconf 90' lang='lat' dir='ltr'><strong>audiero</strong></span> <span class='ocrx_word' id='word_1_141' title='bbox 786 1833 1039 1880; x_wconf 88' lang='lat' dir='ltr'><strong>numquam</strong></span> <span class='ocrx_word' id='word_1_142' title='bbox 1075 1825 1154 1865; x_wconf 88' lang='lat' dir='ltr'><strong>tua</strong></span> <span class='ocrx_word' id='word_1_143' title='bbox 1186 1819 1311 1879; x_wconf 84' lang='lat' dir='ltr'><strong>facta</strong></span> <span class='ocrx_word' id='word_1_144' title='bbox 1345 1818 1630 1879; x_wconf 89' lang='lat' dir='ltr'><strong>loquentem,</strong></span> 
     </span>
    </p>
   </div>
   <div class='ocr_carea' id='block_1_4' title="bbox 96 1914 412 1919">
    <p class='ocr_par' dir='ltr' id='par_1_8' title="bbox 96 1914 412 1919">
     <span class='ocr_line' id='line_1_25' title="bbox 96 1914 412 1919; baseline 0 0"><span class='ocrx_word' id='word_1_145' title='bbox 96 1914 412 1919; x_wconf 95' lang='lat' dir='ltr'><strong> </strong></span> 
     </span>
    </p>
   </div>
   <div class='ocr_carea' id='block_1_5' title="bbox 230 1961 1775 2014">
    <p class='ocr_par' dir='ltr' id='par_1_9' title="bbox 230 1961 1775 2014">
     <span class='ocr_line' id='line_1_26' title="bbox 230 1961 1775 2014; baseline -0.001 -10"><span class='ocrx_word' id='word_1_146' title='bbox 230 1966 306 2004; x_wconf 87' lang='grc'><strong>395</strong></span> <span class='ocrx_word' id='word_1_147' title='bbox 334 1965 507 2004; x_wconf 74' lang='lat' dir='ltr'><strong>ramfisia</strong></span> <span class='ocrx_word' id='word_1_148' title='bbox 540 1963 597 2002; x_wconf 90' lang='lat' dir='ltr'><strong>O*</strong></span> <span class='ocrx_word' id='word_1_149' title='bbox 633 1963 789 2002; x_wconf 87' lang='lat' dir='ltr'><strong>ranusia</strong></span> <span class='ocrx_word' id='word_1_150' title='bbox 824 1963 870 2003; x_wconf 90' lang='lat' dir='ltr'><strong>G.</strong></span> <span class='ocrx_word' id='word_1_151' title='bbox 923 1967 970 2001; x_wconf 87' lang='lat' dir='ltr'><strong>at</strong></span> <span class='ocrx_word' id='word_1_152' title='bbox 1006 1963 1110 2012; x_wconf 81' lang='lat' dir='ltr'><strong>quid</strong></span> <span class='ocrx_word' id='word_1_153' title='bbox 1141 1964 1218 2002; x_wconf 82' lang='lat' dir='ltr'><strong>hoc</strong></span> <span class='ocrx_word' id='word_1_154' title='bbox 1256 1962 1346 2001; x_wconf 90' lang='lat' dir='ltr'><strong>loco</strong></span> <span class='ocrx_word' id='word_1_155' title='bbox 1375 1961 1602 2002; x_wconf 88' lang='lat' dir='ltr'><strong>rhamnusia</strong></span> <span class='ocrx_word' id='word_1_156' title='bbox 1630 1963 1775 2014; x_wconf 83' lang='lat' dir='ltr'><strong>uirgo?</strong></span> 
     </span>
    </p>
   </div>
   <div class='ocr_carea' id='block_1_6' title="bbox 8 2015 1774 2068">
    <p class='ocr_par' dir='ltr' id='par_1_10' title="bbox 8 2015 1774 2068">
     <span class='ocr_line' id='line_1_27' title="bbox 8 2015 1774 2068; baseline -0.001 -11"><span class='ocrx_word' id='word_1_157' title='bbox 8 2044 12 2047; x_wconf 83' lang='lat'><strong>·</strong></span> <span class='ocrx_word' id='word_1_158' title='bbox 96 2018 319 2058; x_wconf 85' lang='lat' dir='ltr'><strong>amarunsia</strong></span> <span class='ocrx_word' id='word_1_159' title='bbox 347 2018 630 2056; x_wconf 77' lang='lat' dir='ltr'><strong>Baehrens-ius</strong></span> <span class='ocrx_word' id='word_1_160' title='bbox 662 2015 678 2067; x_wconf 91' lang='grc'><strong>11</strong></span> <span class='ocrx_word' id='word_1_161' title='bbox 721 2018 798 2056; x_wconf 86' lang='grc'><strong>396</strong></span> <span class='ocrx_word' id='word_1_162' title='bbox 827 2018 953 2055; x_wconf 86' lang='lat' dir='ltr'><strong>ortata</strong></span> <span class='ocrx_word' id='word_1_163' title='bbox 988 2016 1019 2054; x_wconf 91' lang='lat'><em>0</em></span> <span class='ocrx_word' id='word_1_164' title='bbox 1056 2015 1073 2068; x_wconf 90' lang='grc'><strong>11</strong></span> <span class='ocrx_word' id='word_1_165' title='bbox 1114 2017 1191 2056; x_wconf 82' lang='lat'><strong>397</strong></span> <span class='ocrx_word' id='word_1_166' title='bbox 1222 2015 1354 2054; x_wconf 86' lang='lat' dir='ltr'><strong>scelus</strong></span> <span class='ocrx_word' id='word_1_167' title='bbox 1381 2015 1552 2063; x_wconf 82' lang='lat' dir='ltr'><strong>(lineola</strong></span> <span class='ocrx_word' id='word_1_168' title='bbox 1582 2016 1774 2066; x_wconf 81' lang='lat' dir='ltr'><strong>deletum)</strong></span> 
     </span>
    </p>
   </div>
   <div class='ocr_carea' id='block_1_7' title="bbox 95 2066 1781 3024">
    <p class='ocr_par' dir='ltr' id='par_1_11' title="bbox 95 2066 1776 2387">
     <span class='ocr_line' id='line_1_28' title="bbox 95 2066 1774 2122; baseline -0.001 -12"><span class='ocrx_word' id='word_1_169' title='bbox 95 2071 216 2110; x_wconf 83' lang='lat' dir='ltr'><strong>tellus</strong></span> <span class='ocrx_word' id='word_1_170' title='bbox 244 2071 394 2110; x_wconf 86' lang='lat' dir='ltr'><strong>scelere</strong></span> <span class='ocrx_word' id='word_1_171' title='bbox 427 2069 481 2109; x_wconf 80' lang='lat'><strong>0*</strong></span> <span class='ocrx_word' id='word_1_172' title='bbox 506 2069 521 2122; x_wconf 88' lang='grc'><strong>11</strong></span> <span class='ocrx_word' id='word_1_173' title='bbox 548 2070 699 2109; x_wconf 88' lang='lat' dir='ltr'><strong>imbuta</strong></span> <span class='ocrx_word' id='word_1_174' title='bbox 733 2070 788 2108; x_wconf 84' lang='lat'><strong>0:</strong></span> <span class='ocrx_word' id='word_1_175' title='bbox 814 2069 926 2108; x_wconf 76' lang='lat' dir='ltr'><strong>ibuta</strong></span> <span class='ocrx_word' id='word_1_176' title='bbox 951 2068 984 2107; x_wconf 90' lang='lat' dir='ltr'><strong><em>G</em></strong></span> <span class='ocrx_word' id='word_1_177' title='bbox 1009 2068 1024 2120; x_wconf 90' lang='grc'><strong>11</strong></span> <span class='ocrx_word' id='word_1_178' title='bbox 1051 2067 1264 2120; x_wconf 85' lang='lat' dir='ltr'><strong>nephando</strong></span> <span class='ocrx_word' id='word_1_179' title='bbox 1288 2069 1319 2107; x_wconf 90' lang='lat'><strong><em>0</em></strong></span> <span class='ocrx_word' id='word_1_180' title='bbox 1344 2066 1359 2120; x_wconf 89' lang='grc'><strong>11</strong></span> <span class='ocrx_word' id='word_1_181' title='bbox 1387 2070 1463 2108; x_wconf 88' lang='grc'><strong>398</strong></span> <span class='ocrx_word' id='word_1_182' title='bbox 1493 2068 1774 2121; x_wconf 87' lang='lat' dir='ltr'><strong>Iusticiamque</strong></span> 
     </span>
     <span class='ocr_line' id='line_1_29' title="bbox 100 2120 1775 2177; baseline -0.002 -12"><span class='ocrx_word' id='word_1_183' title='bbox 100 2126 146 2165; x_wconf 94' lang='lat' dir='ltr'><em>V</em></span> <span class='ocrx_word' id='word_1_184' title='bbox 163 2124 177 2177; x_wconf 87' lang='grc'><strong>11</strong></span> <span class='ocrx_word' id='word_1_185' title='bbox 203 2126 281 2164; x_wconf 89' lang='grc'><strong>400</strong></span> <span class='ocrx_word' id='word_1_186' title='bbox 309 2127 348 2162; x_wconf 84' lang='lat' dir='ltr'><strong>et</strong></span> <span class='ocrx_word' id='word_1_187' title='bbox 374 2126 451 2164; x_wconf 88' lang='grc'><strong>401</strong></span> <span class='ocrx_word' id='word_1_188' title='bbox 483 2125 741 2174; x_wconf 77' lang='lat' dir='ltr'><strong>transposuit</strong></span> <span class='ocrx_word' id='word_1_189' title='bbox 766 2121 1042 2161; x_wconf 75' lang='lat' dir='ltr'><strong>Rossbachius</strong></span> <span class='ocrx_word' id='word_1_190' title='bbox 1067 2121 1080 2173; x_wconf 85' lang='grc' dir='ltr'><strong>ΙΙ</strong></span> <span class='ocrx_word' id='word_1_191' title='bbox 1117 2124 1195 2162; x_wconf 93' lang='grc'><strong>400</strong></span> <span class='ocrx_word' id='word_1_192' title='bbox 1224 2123 1341 2161; x_wconf 90' lang='lat' dir='ltr'><strong>natos</strong></span> <span class='ocrx_word' id='word_1_193' title='bbox 1374 2121 1408 2160; x_wconf 96' lang='lat' dir='ltr'><strong><em>G</em></strong></span> <span class='ocrx_word' id='word_1_194' title='bbox 1441 2120 1454 2172; x_wconf 87' lang='grc' dir='ltr'><strong>ΙΙ</strong></span> <span class='ocrx_word' id='word_1_195' title='bbox 1488 2124 1566 2162; x_wconf 89' lang='grc'><strong>401</strong></span> <span class='ocrx_word' id='word_1_196' title='bbox 1596 2121 1775 2162; x_wconf 87' lang='lat' dir='ltr'><strong>Patrauit</strong></span> 
     </span>
     <span class='ocr_line' id='line_1_30' title="bbox 95 2175 1775 2228; baseline -0.001 -11"><span class='ocrx_word' id='word_1_197' title='bbox 95 2178 375 2217; x_wconf 76' lang='lat' dir='ltr'><strong>Baehrensius</strong></span> <span class='ocrx_word' id='word_1_198' title='bbox 419 2175 433 2228; x_wconf 85' lang='grc' dir='ltr'><strong>ΙΙ</strong></span> <span class='ocrx_word' id='word_1_199' title='bbox 478 2178 556 2217; x_wconf 85' lang='grc'><strong>402</strong></span> <span class='ocrx_word' id='word_1_200' title='bbox 584 2176 642 2216; x_wconf 90' lang='lat' dir='ltr'><strong>uti</strong></span> <span class='ocrx_word' id='word_1_201' title='bbox 678 2180 827 2226; x_wconf 85' lang='lat' dir='ltr'><strong>nuptae</strong></span> <span class='ocrx_word' id='word_1_202' title='bbox 854 2175 1062 2214; x_wconf 82' lang='lat' dir='ltr'><strong>Maelzlius</strong></span> <span class='ocrx_word' id='word_1_203' title='bbox 1106 2178 1151 2214; x_wconf 91' lang='lat' dir='ltr'><strong>ut</strong></span> <span class='ocrx_word' id='word_1_204' title='bbox 1193 2175 1286 2214; x_wconf 86' lang='lat' dir='ltr'><strong>hinc</strong></span> <span class='ocrx_word' id='word_1_205' title='bbox 1322 2178 1471 2225; x_wconf 86' lang='lat' dir='ltr'><strong>nuptae</strong></span> <span class='ocrx_word' id='word_1_206' title='bbox 1504 2196 1556 2204; x_wconf 95' lang='lat'><strong>-—-</strong></span> <span class='ocrx_word' id='word_1_207' title='bbox 1587 2176 1775 2216; x_wconf 83' lang='lat' dir='ltr'><strong>nouenae</strong></span> 
     </span>
     <span class='ocr_line' id='line_1_31' title="bbox 95 2227 1776 2281; baseline 0 -12"><span class='ocrx_word' id='word_1_208' title='bbox 95 2231 386 2269; x_wconf 74' lang='lat' dir='ltr'><strong>Baehrensius.</strong></span> <span class='ocrx_word' id='word_1_209' title='bbox 428 2242 484 2268; x_wconf 83' lang='lat' dir='ltr'><strong>an</strong></span> <span class='ocrx_word' id='word_1_210' title='bbox 511 2229 709 2280; x_wconf 85' lang='lat' dir='ltr'><strong>innupto?</strong></span> <span class='ocrx_word' id='word_1_211' title='bbox 727 2227 742 2279; x_wconf 92' lang='grc'><strong>11</strong></span> <span class='ocrx_word' id='word_1_212' title='bbox 768 2229 965 2279; x_wconf 87' lang='lat' dir='ltr'><strong>potiretur</strong></span> <span class='ocrx_word' id='word_1_213' title='bbox 993 2228 1038 2268; x_wconf 94' lang='lat' dir='ltr'><em>V</em></span> <span class='ocrx_word' id='word_1_214' title='bbox 1056 2227 1070 2280; x_wconf 85' lang='grc'><strong>11</strong></span> <span class='ocrx_word' id='word_1_215' title='bbox 1097 2229 1177 2268; x_wconf 93' lang='grc'><strong>404</strong></span> <span class='ocrx_word' id='word_1_216' title='bbox 1203 2229 1371 2278; x_wconf 86' lang='lat' dir='ltr'><strong>penates</strong></span> <span class='ocrx_word' id='word_1_217' title='bbox 1401 2242 1461 2266; x_wconf 81' lang='lat' dir='ltr'><strong>w:</strong></span> <span class='ocrx_word' id='word_1_218' title='bbox 1489 2231 1676 2279; x_wconf 87' lang='lat' dir='ltr'><strong>parentes</strong></span> <span class='ocrx_word' id='word_1_219' title='bbox 1696 2229 1741 2269; x_wconf 93' lang='lat' dir='ltr'><em>V</em></span> <span class='ocrx_word' id='word_1_220' title='bbox 1760 2230 1776 2281; x_wconf 86' lang='grc'><strong>11</strong></span> 
     </span>
     <span class='ocr_line' id='line_1_32' title="bbox 95 2281 1775 2332; baseline -0.001 -8"><span class='ocrx_word' id='word_1_221' title='bbox 95 2286 175 2324; x_wconf 91' lang='grc'><strong>406</strong></span> <span class='ocrx_word' id='word_1_222' title='bbox 202 2282 432 2331; x_wconf 86' lang='lat' dir='ltr'><strong>Iustificam]</strong></span> <span class='ocrx_word' id='word_1_223' title='bbox 462 2283 626 2321; x_wconf 83' lang='lat' dir='ltr'><strong>litteras</strong></span> <span class='ocrx_word' id='word_1_224' title='bbox 651 2281 727 2321; x_wconf 89' lang='lat' dir='ltr'><strong>fica</strong></span> <span class='ocrx_word' id='word_1_225' title='bbox 755 2283 926 2332; x_wconf 80' lang='lat' dir='ltr'><strong>scripsit</strong></span> <span class='ocrx_word' id='word_1_226' title='bbox 948 2293 981 2331; x_wconf 81' lang='lat' dir='ltr'><em>g</em></span> <span class='ocrx_word' id='word_1_227' title='bbox 1011 2283 1056 2319; x_wconf 82' lang='lat' dir='ltr'><strong>in</strong></span> <span class='ocrx_word' id='word_1_228' title='bbox 1084 2293 1237 2320; x_wconf 80' lang='lat' dir='ltr'><strong>rasura</strong></span> <span class='ocrx_word' id='word_1_229' title='bbox 1267 2283 1396 2319; x_wconf 83' lang='lat' dir='ltr'><strong>trium</strong></span> <span class='ocrx_word' id='word_1_230' title='bbox 1425 2282 1686 2320; x_wconf 84' lang='lat' dir='ltr'><strong>litterarum:</strong></span> <span class='ocrx_word' id='word_1_231' title='bbox 1723 2282 1775 2322; x_wconf 90' lang='lat' dir='ltr'><strong>G¹</strong></span> 
     </span>
     <span class='ocr_line' id='line_1_33' title="bbox 95 2333 1775 2387; baseline 0 -12"><span class='ocrx_word' id='word_1_232' title='bbox 95 2336 274 2383; x_wconf 83' lang='lat' dir='ltr'><strong>fortasse</strong></span> <span class='ocrx_word' id='word_1_233' title='bbox 291 2339 519 2386; x_wconf 80' lang='lat' dir='ltr'><strong>scripserat</strong></span> <span class='ocrx_word' id='word_1_234' title='bbox 543 2335 742 2374; x_wconf 79' lang='lat' dir='ltr'><strong>iusticiam</strong></span> <span class='ocrx_word' id='word_1_235' title='bbox 771 2334 784 2386; x_wconf 88' lang='grc' dir='ltr'><strong>ΙΙ</strong></span> <span class='ocrx_word' id='word_1_236' title='bbox 811 2337 943 2373; x_wconf 90' lang='lat' dir='ltr'><strong>mente</strong></span> <span class='ocrx_word' id='word_1_237' title='bbox 973 2334 1177 2374; x_wconf 87' lang='lat' dir='ltr'><strong>aduertere</strong></span> <span class='ocrx_word' id='word_1_238' title='bbox 1200 2334 1256 2373; x_wconf 90' lang='lat'><strong>0*</strong></span> <span class='ocrx_word' id='word_1_239' title='bbox 1283 2333 1297 2384; x_wconf 87' lang='grc'><strong>11</strong></span> <span class='ocrx_word' id='word_1_240' title='bbox 1323 2336 1401 2373; x_wconf 86' lang='grc'><strong>407</strong></span> <span class='ocrx_word' id='word_1_241' title='bbox 1422 2337 1535 2373; x_wconf 83' lang='lat' dir='ltr'><strong>cetus</strong></span> <span class='ocrx_word' id='word_1_242' title='bbox 1556 2334 1595 2374; x_wconf 90' lang='lat' dir='ltr'><em>V</em></span> <span class='ocrx_word' id='word_1_243' title='bbox 1612 2337 1726 2387; x_wconf 67' lang='lat' dir='ltr'><strong>cetus</strong></span> <span class='ocrx_word' id='word_1_244' title='bbox 1742 2347 1775 2386; x_wconf 82' lang='lat' dir='ltr'><em>g</em></span> 
     </span>
    </p>

    <p class='ocr_par' dir='ltr' id='par_1_12' title="bbox 95 2386 1781 3024">
     <span class='ocr_line' id='line_1_34' title="bbox 229 2386 1775 2440; baseline -0.002 -10"><span class='ocrx_word' id='word_1_245' title='bbox 229 2389 287 2430; x_wconf 78' lang='lat'><strong>65</strong></span> <span class='ocrx_word' id='word_1_246' title='bbox 317 2389 595 2427; x_wconf 80' lang='lat' dir='ltr'><strong>Interstitium</strong></span> <span class='ocrx_word' id='word_1_247' title='bbox 626 2389 675 2437; x_wconf 90' lang='lat' dir='ltr'><strong>V,</strong></span> <span class='ocrx_word' id='word_1_248' title='bbox 703 2388 815 2438; x_wconf 82' lang='lat' dir='ltr'><strong>quod</strong></span> <span class='ocrx_word' id='word_1_249' title='bbox 843 2387 964 2426; x_wconf 84' lang='lat' dir='ltr'><strong>titulo</strong></span> <span class='ocrx_word' id='word_1_250' title='bbox 992 2387 1055 2426; x_wconf 88' lang='lat' dir='ltr'><strong>Ad</strong></span> <span class='ocrx_word' id='word_1_251' title='bbox 1084 2386 1258 2427; x_wconf 83' lang='lat' dir='ltr'><strong>Ortalem</strong></span> <span class='ocrx_word' id='word_1_252' title='bbox 1287 2388 1475 2438; x_wconf 62' lang='lat' dir='ltr'><strong>expleuit</strong></span> <span class='ocrx_word' id='word_1_253' title='bbox 1496 2399 1530 2436; x_wconf 82' lang='lat' dir='ltr'><em>g</em></span> <span class='ocrx_word' id='word_1_254' title='bbox 1568 2388 1585 2440; x_wconf 85' lang='grc'><strong>11</strong></span> <span class='ocrx_word' id='word_1_255' title='bbox 1630 2390 1647 2426; x_wconf 90' lang='grc'>1</span> <span class='ocrx_word' id='word_1_256' title='bbox 1681 2400 1775 2428; x_wconf 90' lang='lat' dir='ltr'><strong>con-</strong></span> 
     </span>
     <span class='ocr_line' id='line_1_35' title="bbox 98 2440 1774 2492; baseline 0 -11"><span class='ocrx_word' id='word_1_257' title='bbox 98 2442 247 2481; x_wconf 81' lang='lat' dir='ltr'><strong>fectum</strong></span> <span class='ocrx_word' id='word_1_258' title='bbox 270 2441 303 2481; x_wconf 94' lang='lat' dir='ltr'><strong><em>G</em></strong></span> <span class='ocrx_word' id='word_1_259' title='bbox 330 2445 386 2491; x_wconf 89' lang='lat' dir='ltr'><strong>[et</strong></span> <span class='ocrx_word' id='word_1_260' title='bbox 406 2441 585 2492; x_wconf 80' lang='lat' dir='ltr'><strong>plurimi</strong></span> <span class='ocrx_word' id='word_1_261' title='bbox 612 2443 743 2488; x_wconf 80' lang='lat' dir='ltr'><strong>bom]:</strong></span> <span class='ocrx_word' id='word_1_262' title='bbox 773 2440 932 2480; x_wconf 86' lang='lat' dir='ltr'><strong>defectu</strong></span> <span class='ocrx_word' id='word_1_263' title='bbox 956 2440 1012 2478; x_wconf 88' lang='lat'><strong>0*</strong></span> <span class='ocrx_word' id='word_1_264' title='bbox 1043 2440 1258 2490; x_wconf 87' lang='lat' dir='ltr'><strong>[defectum</strong></span> <span class='ocrx_word' id='word_1_265' title='bbox 1286 2440 1416 2481; x_wconf 83' lang='lat' dir='ltr'><strong>Laur.</strong></span> <span class='ocrx_word' id='word_1_266' title='bbox 1436 2442 1506 2490; x_wconf 75' lang='lat'><strong>55,</strong></span> <span class='ocrx_word' id='word_1_267' title='bbox 1526 2440 1578 2480; x_wconf 76' lang='lat'><strong>42</strong></span> <span class='ocrx_word' id='word_1_268' title='bbox 1607 2441 1774 2490; x_wconf 83' lang='lat' dir='ltr'><strong>Dresd.]</strong></span> 
     </span>
     <span class='ocr_line' id='line_1_36' title="bbox 97 2493 1775 2547; baseline -0.001 -13"><span class='ocrx_word' id='word_1_269' title='bbox 97 2495 113 2547; x_wconf 88' lang='grc'><strong>11</strong></span> <span class='ocrx_word' id='word_1_270' title='bbox 150 2496 174 2534; x_wconf 86' lang='grc'><strong>2</strong></span> <span class='ocrx_word' id='word_1_271' title='bbox 203 2494 279 2535; x_wconf 86' lang='lat' dir='ltr'><strong>Sed</strong></span> <span class='ocrx_word' id='word_1_272' title='bbox 314 2498 433 2534; x_wconf 82' lang='lat' dir='ltr'><strong>uacat</strong></span> <span class='ocrx_word' id='word_1_273' title='bbox 461 2495 506 2534; x_wconf 94' lang='lat' dir='ltr'><em>V</em></span> <span class='ocrx_word' id='word_1_274' title='bbox 538 2493 552 2546; x_wconf 90' lang='grc'><strong>11</strong></span> <span class='ocrx_word' id='word_1_275' title='bbox 594 2496 616 2534; x_wconf 87' lang='grc'><strong>3</strong></span> <span class='ocrx_word' id='word_1_276' title='bbox 646 2493 900 2533; x_wconf 82' lang='lat' dir='ltr'><strong>dulcissimus</strong></span> <span class='ocrx_word' id='word_1_277' title='bbox 937 2493 1075 2533; x_wconf 87' lang='lat' dir='ltr'><strong>harum</strong></span> <span class='ocrx_word' id='word_1_278' title='bbox 1113 2494 1274 2543; x_wconf 89' lang='lat' dir='ltr'><strong>(hauum</strong></span> <span class='ocrx_word' id='word_1_279' title='bbox 1307 2493 1377 2543; x_wconf 86' lang='lat'><strong>0*)</strong></span> <span class='ocrx_word' id='word_1_280' title='bbox 1407 2493 1447 2532; x_wconf 91' lang='lat' dir='ltr'><em>V</em></span> <span class='ocrx_word' id='word_1_281' title='bbox 1486 2493 1612 2532; x_wconf 80' lang='lat' dir='ltr'><strong>dulcis</strong></span> <span class='ocrx_word' id='word_1_282' title='bbox 1655 2495 1775 2534; x_wconf 91' lang='lat' dir='ltr'><strong>simul</strong></span> 
     </span>
     <span class='ocr_line' id='line_1_37' title="bbox 95 2546 1776 2600; baseline -0.001 -13"><span class='ocrx_word' id='word_1_283' title='bbox 95 2547 235 2587; x_wconf 88' lang='lat' dir='ltr'><strong>harum</strong></span> <span class='ocrx_word' id='word_1_284' title='bbox 261 2548 541 2588; x_wconf 74' lang='lat' dir='ltr'><strong>Baehrens-ius</strong></span> <span class='ocrx_word' id='word_1_285' title='bbox 566 2549 580 2600; x_wconf 88' lang='grc'><strong>11</strong></span> <span class='ocrx_word' id='word_1_286' title='bbox 608 2547 734 2586; x_wconf 79' lang='lat' dir='ltr'><strong>fretus</strong></span> <span class='ocrx_word' id='word_1_287' title='bbox 766 2547 820 2585; x_wconf 88' lang='lat'><strong>0*</strong></span> <span class='ocrx_word' id='word_1_288' title='bbox 845 2548 859 2597; x_wconf 87' lang='grc'><strong>11</strong></span> <span class='ocrx_word' id='word_1_289' title='bbox 886 2549 912 2586; x_wconf 93' lang='grc'>4</span> <span class='ocrx_word' id='word_1_290' title='bbox 939 2547 1018 2585; x_wconf 88' lang='lat' dir='ltr'><strong>icta</strong></span> <span class='ocrx_word' id='word_1_291' title='bbox 1047 2547 1242 2586; x_wconf 80' lang='lat' dir='ltr'><strong>Heinsius</strong></span> <span class='ocrx_word' id='word_1_292' title='bbox 1267 2547 1281 2599; x_wconf 83' lang='grc' dir='ltr'><strong>ΙΙ</strong></span> <span class='ocrx_word' id='word_1_293' title='bbox 1311 2550 1333 2587; x_wconf 87' lang='lat'>5</span> <span class='ocrx_word' id='word_1_294' title='bbox 1362 2546 1485 2586; x_wconf 83' lang='lat' dir='ltr'><strong>lethei</strong></span> <span class='ocrx_word' id='word_1_295' title='bbox 1509 2547 1541 2586; x_wconf 95' lang='lat' dir='ltr'><strong><em>G</em></strong></span> <span class='ocrx_word' id='word_1_296' title='bbox 1569 2547 1695 2586; x_wconf 88' lang='lat' dir='ltr'><strong>loethi</strong></span> <span class='ocrx_word' id='word_1_297' title='bbox 1719 2548 1776 2586; x_wconf 88' lang='lat'><strong>0*</strong></span> 
     </span>
     <span class='ocr_line' id='line_1_38' title="bbox 96 2598 1772 2653; baseline 0 -13"><span class='ocrx_word' id='word_1_298' title='bbox 96 2600 257 2641; x_wconf 85' lang='lat' dir='ltr'><strong>lethaeo</strong></span> <span class='ocrx_word' id='word_1_299' title='bbox 284 2601 324 2640; x_wconf 91' lang='lat' dir='ltr'><strong>in</strong></span> <span class='ocrx_word' id='word_1_300' title='bbox 354 2602 604 2640; x_wconf 80' lang='lat' dir='ltr'><strong>Parthenius</strong></span> <span class='ocrx_word' id='word_1_301' title='bbox 642 2600 656 2653; x_wconf 86' lang='grc'><strong>11</strong></span> <span class='ocrx_word' id='word_1_302' title='bbox 698 2599 815 2639; x_wconf 81' lang='lat' dir='ltr'><strong>factis</strong></span> <span class='ocrx_word' id='word_1_303' title='bbox 846 2599 902 2638; x_wconf 86' lang='lat'><strong>0*</strong></span> <span class='ocrx_word' id='word_1_304' title='bbox 929 2598 1000 2650; x_wconf 80' lang='lat' dir='ltr'><strong>(ch</strong></span> <span class='ocrx_word' id='word_1_305' title='bbox 1028 2602 1088 2651; x_wconf 88' lang='grc'><strong>66,</strong></span> <span class='ocrx_word' id='word_1_306' title='bbox 1115 2602 1187 2650; x_wconf 76' lang='grc'><strong>22)</strong></span> <span class='ocrx_word' id='word_1_307' title='bbox 1226 2599 1241 2650; x_wconf 82' lang='grc' dir='ltr'><strong>ΙΙ</strong></span> <span class='ocrx_word' id='word_1_308' title='bbox 1276 2602 1299 2639; x_wconf 92' lang='grc'>6</span> <span class='ocrx_word' id='word_1_309' title='bbox 1329 2599 1583 2639; x_wconf 87' lang='lat' dir='ltr'><strong>Pallidullum</strong></span> <span class='ocrx_word' id='word_1_310' title='bbox 1617 2599 1674 2638; x_wconf 90' lang='lat'><strong>0*</strong></span> <span class='ocrx_word' id='word_1_311' title='bbox 1707 2601 1723 2652; x_wconf 90' lang='grc'><strong>11</strong></span> <span class='ocrx_word' id='word_1_312' title='bbox 1750 2603 1772 2640; x_wconf 84' lang='grc'><strong>’7</strong></span> 
     </span>
     <span class='ocr_line' id='line_1_39' title="bbox 99 2652 1775 2704; baseline 0.001 -12"><span class='ocrx_word' id='word_1_313' title='bbox 99 2652 220 2693; x_wconf 88' lang='lat' dir='ltr'><strong>Troia</strong></span> <span class='ocrx_word' id='word_1_314' title='bbox 249 2654 338 2704; x_wconf 86' lang='lat' dir='ltr'><strong>(sed</strong></span> <span class='ocrx_word' id='word_1_315' title='bbox 360 2656 423 2693; x_wconf 90' lang='lat' dir='ltr'><strong>ita</strong></span> <span class='ocrx_word' id='word_1_316' title='bbox 449 2656 651 2704; x_wconf 82' lang='lat' dir='ltr'><strong>scriptum</strong></span> <span class='ocrx_word' id='word_1_317' title='bbox 679 2657 729 2692; x_wconf 82' lang='lat' dir='ltr'><strong>ut</strong></span> <span class='ocrx_word' id='word_1_318' title='bbox 756 2666 781 2691; x_wconf 93' lang='lat' dir='ltr'><strong>a</strong></span> <span class='ocrx_word' id='word_1_319' title='bbox 810 2652 949 2701; x_wconf 86' lang='lat' dir='ltr'><strong>Tidia,</strong></span> <span class='ocrx_word' id='word_1_320' title='bbox 991 2655 1030 2691; x_wconf 90' lang='lat' dir='ltr'><strong>si</strong></span> <span class='ocrx_word' id='word_1_321' title='bbox 1069 2654 1178 2692; x_wconf 88' lang='lat' dir='ltr'><strong>solos</strong></span> <span class='ocrx_word' id='word_1_322' title='bbox 1213 2655 1453 2692; x_wconf 81' lang='lat' dir='ltr'><strong>litterarum</strong></span> <span class='ocrx_word' id='word_1_323' title='bbox 1489 2653 1639 2692; x_wconf 80' lang='lat' dir='ltr'><strong>ductus</strong></span> <span class='ocrx_word' id='word_1_324' title='bbox 1674 2667 1775 2693; x_wconf 60' lang='grc' dir='ltr'><strong>οτα-</strong></span> 
     </span>
     <span class='ocr_line' id='line_1_40' title="bbox 99 2705 1774 2758; baseline 0.001 -13"><span class='ocrx_word' id='word_1_325' title='bbox 99 2709 250 2757; x_wconf 84' lang='lat' dir='ltr'><strong>minas,</strong></span> <span class='ocrx_word' id='word_1_326' title='bbox 293 2707 476 2746; x_wconf 85' lang='lat' dir='ltr'><strong>discerni</strong></span> <span class='ocrx_word' id='word_1_327' title='bbox 499 2719 585 2746; x_wconf 80' lang='lat' dir='ltr'><strong>non</strong></span> <span class='ocrx_word' id='word_1_328' title='bbox 609 2708 755 2758; x_wconf 86' lang='lat' dir='ltr'><strong>possit)</strong></span> <span class='ocrx_word' id='word_1_329' title='bbox 788 2707 819 2744; x_wconf 92' lang='lat' dir='ltr'><em>O</em></span> <span class='ocrx_word' id='word_1_330' title='bbox 846 2705 969 2758; x_wconf 85' lang='lat' dir='ltr'><strong>Lydia</strong></span> <span class='ocrx_word' id='word_1_331' title='bbox 1000 2707 1102 2756; x_wconf 86' lang='lat' dir='ltr'><strong>(sscr</strong></span> <span class='ocrx_word' id='word_1_332' title='bbox 1130 2706 1181 2746; x_wconf 87' lang='lat' dir='ltr'><strong>al&#39;</strong></span> <span class='ocrx_word' id='word_1_333' title='bbox 1210 2710 1327 2757; x_wconf 85' lang='lat' dir='ltr'><strong>troya</strong></span> <span class='ocrx_word' id='word_1_334' title='bbox 1352 2707 1399 2756; x_wconf 83' lang='lat' dir='ltr'><strong>g)</strong></span> <span class='ocrx_word' id='word_1_335' title='bbox 1432 2706 1500 2756; x_wconf 85' lang='lat' dir='ltr'><strong>G*‚</strong></span> <span class='ocrx_word' id='word_1_336' title='bbox 1538 2719 1644 2756; x_wconf 82' lang='lat' dir='ltr'><strong>quae</strong></span> <span class='ocrx_word' id='word_1_337' title='bbox 1670 2709 1774 2747; x_wconf 82' lang='lat' dir='ltr'><strong>scri-</strong></span> 
     </span>
     <span class='ocr_line' id='line_1_41' title="bbox 96 2759 1775 2811; baseline 0.001 -13"><span class='ocrx_word' id='word_1_338' title='bbox 96 2763 230 2811; x_wconf 84' lang='lat' dir='ltr'><strong>ptura</strong></span> <span class='ocrx_word' id='word_1_339' title='bbox 258 2760 434 2799; x_wconf 82' lang='lat' dir='ltr'><strong>lectione</strong></span> <span class='ocrx_word' id='word_1_340' title='bbox 461 2761 617 2799; x_wconf 86' lang='lat' dir='ltr'><strong>codicis</strong></span> <span class='ocrx_word' id='word_1_341' title='bbox 639 2760 670 2798; x_wconf 88' lang='lat'><em>0</em></span> <span class='ocrx_word' id='word_1_342' title='bbox 690 2762 790 2798; x_wconf 80' lang='lat' dir='ltr'><strong>bene</strong></span> <span class='ocrx_word' id='word_1_343' title='bbox 818 2760 1237 2811; x_wconf 73' lang='lat' dir='ltr'><strong>eoeplicatururetheo</strong></span> <span class='ocrx_word' id='word_1_344' title='bbox 1261 2761 1293 2798; x_wconf 88' lang='lat'><em>0</em></span> <span class='ocrx_word' id='word_1_345' title='bbox 1311 2759 1478 2799; x_wconf 89' lang='lat' dir='ltr'><strong>rhetheo</strong></span> <span class='ocrx_word' id='word_1_346' title='bbox 1499 2759 1588 2809; x_wconf 88' lang='lat' dir='ltr'><strong>(sed</strong></span> <span class='ocrx_word' id='word_1_347' title='bbox 1611 2760 1656 2799; x_wconf 89' lang='lat' dir='ltr'><strong>th</strong></span> <span class='ocrx_word' id='word_1_348' title='bbox 1676 2773 1775 2800; x_wconf 90' lang='lat' dir='ltr'><strong>corr</strong></span> 
     </span>
     <span class='ocr_line' id='line_1_42' title="bbox 99 2812 1774 2864; baseline 0.001 -13"><span class='ocrx_word' id='word_1_349' title='bbox 99 2825 145 2862; x_wconf 84' lang='lat' dir='ltr'><strong>g,</strong></span> <span class='ocrx_word' id='word_1_350' title='bbox 175 2812 226 2851; x_wconf 88' lang='lat' dir='ltr'><strong>G¹</strong></span> <span class='ocrx_word' id='word_1_351' title='bbox 254 2815 490 2864; x_wconf 82' lang='lat' dir='ltr'><strong>scripserat,</strong></span> <span class='ocrx_word' id='word_1_352' title='bbox 533 2817 583 2851; x_wconf 82' lang='lat' dir='ltr'><strong>ut</strong></span> <span class='ocrx_word' id='word_1_353' title='bbox 616 2815 722 2852; x_wconf 78' lang='lat' dir='ltr'><strong>mihi</strong></span> <span class='ocrx_word' id='word_1_354' title='bbox 753 2813 990 2862; x_wconf 78' lang='lat' dir='ltr'><strong>uidebatur,</strong></span> <span class='ocrx_word' id='word_1_355' title='bbox 1030 2812 1207 2863; x_wconf 87' lang='lat' dir='ltr'><strong>rhecteo)</strong></span> <span class='ocrx_word' id='word_1_356' title='bbox 1238 2812 1294 2852; x_wconf 88' lang='lat' dir='ltr'><strong>G*</strong></span> <span class='ocrx_word' id='word_1_357' title='bbox 1339 2812 1354 2864; x_wconf 89' lang='grc'><strong>11</strong></span> <span class='ocrx_word' id='word_1_358' title='bbox 1400 2815 1535 2864; x_wconf 88' lang='lat' dir='ltr'><strong>supter</strong></span> <span class='ocrx_word' id='word_1_359' title='bbox 1574 2815 1697 2864; x_wconf 82' lang='lat' dir='ltr'><strong>prius</strong></span> <span class='ocrx_word' id='word_1_360' title='bbox 1728 2814 1774 2863; x_wconf 88' lang='lat' dir='ltr'><strong>G,</strong></span> 
     </span>
     <span class='ocr_line' id='line_1_43' title="bbox 105 2864 1773 2918; baseline 0.002 -14"><span class='ocrx_word' id='word_1_361' title='bbox 105 2878 202 2904; x_wconf 85' lang='lat' dir='ltr'><strong>corr</strong></span> <span class='ocrx_word' id='word_1_362' title='bbox 246 2865 298 2904; x_wconf 88' lang='lat' dir='ltr'><strong>G¹</strong></span> <span class='ocrx_word' id='word_1_363' title='bbox 338 2866 354 2917; x_wconf 86' lang='grc'><strong>11</strong></span> <span class='ocrx_word' id='word_1_364' title='bbox 393 2866 526 2906; x_wconf 85' lang='lat' dir='ltr'><strong>littore</strong></span> <span class='ocrx_word' id='word_1_365' title='bbox 559 2867 591 2905; x_wconf 88' lang='lat'><strong><em>0</em></strong></span> <span class='ocrx_word' id='word_1_366' title='bbox 629 2864 646 2918; x_wconf 81' lang='grc'><strong>11</strong></span> <span class='ocrx_word' id='word_1_367' title='bbox 693 2868 716 2906; x_wconf 89' lang='grc'>8</span> <span class='ocrx_word' id='word_1_368' title='bbox 758 2866 890 2905; x_wconf 85' lang='lat' dir='ltr'><strong>obruit</strong></span> <span class='ocrx_word' id='word_1_369' title='bbox 920 2865 1082 2904; x_wconf 82' lang='lat' dir='ltr'><strong>Statius</strong></span> <span class='ocrx_word' id='word_1_370' title='bbox 1123 2866 1279 2917; x_wconf 85' lang='lat' dir='ltr'><strong>obtegit</strong></span> <span class='ocrx_word' id='word_1_371' title='bbox 1319 2865 1607 2905; x_wconf 78' lang='lat' dir='ltr'><strong>Morsbaclzius</strong></span> <span class='ocrx_word' id='word_1_372' title='bbox 1640 2865 1656 2918; x_wconf 86' lang='grc'><strong>11</strong></span> <span class='ocrx_word' id='word_1_373' title='bbox 1696 2869 1773 2907; x_wconf 89' lang='grc'><strong>9-</strong></span> 
     </span>
     <span class='ocr_line' id='line_1_44' title="bbox 106 2917 1774 2970; baseline 0.001 -13"><span class='ocrx_word' id='word_1_374' title='bbox 106 2920 157 2958; x_wconf 91' lang='grc'>14</span> <span class='ocrx_word' id='word_1_375' title='bbox 184 2920 236 2957; x_wconf 86' lang='lat' dir='ltr'><strong>ab</strong></span> <span class='ocrx_word' id='word_1_376' title='bbox 265 2920 343 2958; x_wconf 81' lang='lat' dir='ltr'><strong>hoc</strong></span> <span class='ocrx_word' id='word_1_377' title='bbox 371 2922 555 2958; x_wconf 81' lang='lat' dir='ltr'><strong>carmine</strong></span> <span class='ocrx_word' id='word_1_378' title='bbox 583 2920 741 2958; x_wconf 80' lang='lat' dir='ltr'><strong>alienos</strong></span> <span class='ocrx_word' id='word_1_379' title='bbox 766 2931 850 2957; x_wconf 88' lang='lat' dir='ltr'><strong>esse</strong></span> <span class='ocrx_word' id='word_1_380' title='bbox 877 2917 1153 2958; x_wconf 78' lang='lat' dir='ltr'><strong>Rossbachius</strong></span> <span class='ocrx_word' id='word_1_381' title='bbox 1179 2920 1412 2959; x_wconf 79' lang='lat' dir='ltr'><strong>intelleoeit:</strong></span> <span class='ocrx_word' id='word_1_382' title='bbox 1441 2931 1543 2969; x_wconf 79' lang='lat' dir='ltr'><strong>quos</strong></span> <span class='ocrx_word' id='word_1_383' title='bbox 1564 2923 1663 2970; x_wconf 83' lang='lat' dir='ltr'><strong>post</strong></span> <span class='ocrx_word' id='word_1_384' title='bbox 1687 2921 1774 2970; x_wconf 73' lang='grc'><strong>404,</strong></span> 
     </span>
     <span class='ocr_line' id='line_1_45' title="bbox 100 2971 1781 3024; baseline 0.001 -14"><span class='ocrx_word' id='word_1_385' title='bbox 100 2972 125 3010; x_wconf 88' lang='grc'><strong><em>6</em></strong></span> <span class='ocrx_word' id='word_1_386' title='bbox 151 2972 391 3011; x_wconf 80' lang='lat' dir='ltr'><strong>inserendos</strong></span> <span class='ocrx_word' id='word_1_387' title='bbox 431 2986 514 3011; x_wconf 87' lang='lat' dir='ltr'><strong>esse</strong></span> <span class='ocrx_word' id='word_1_388' title='bbox 554 2974 775 3022; x_wconf 78' lang='lat' dir='ltr'><strong>ingeniosa</strong></span> <span class='ocrx_word' id='word_1_389' title='bbox 815 2972 938 3011; x_wconf 83' lang='lat' dir='ltr'><strong>Frid.</strong></span> <span class='ocrx_word' id='word_1_390' title='bbox 968 2973 1115 3011; x_wconf 88' lang='lat' dir='ltr'><strong>Haasii</strong></span> <span class='ocrx_word' id='word_1_391' title='bbox 1152 2977 1213 3011; x_wconf 86' lang='lat' dir='ltr'><strong>est</strong></span> <span class='ocrx_word' id='word_1_392' title='bbox 1250 2975 1492 3011; x_wconf 84' lang='lat' dir='ltr'><strong>coniectura</strong></span> <span class='ocrx_word' id='word_1_393' title='bbox 1533 2971 1549 3024; x_wconf 86' lang='grc'><strong>11</strong></span> <span class='ocrx_word' id='word_1_394' title='bbox 1588 2975 1612 3014; x_wconf 86' lang='grc'>9</span> <span class='ocrx_word' id='word_1_395' title='bbox 1641 2985 1707 3012; x_wconf 87' lang='lat' dir='ltr'><strong>om</strong></span> <span class='ocrx_word' id='word_1_396' title='bbox 1736 2973 1781 3012; x_wconf 93' lang='lat' dir='ltr'><em>V</em></span> 
     </span>
    </p>
   </div>
   <div class='ocr_carea' id='block_1_8' title="bbox 103 3023 1772 3078">
    <p class='ocr_par' dir='ltr' id='par_1_13' title="bbox 103 3023 1772 3078">
     <span class='ocr_line' id='line_1_46' title="bbox 103 3023 1772 3078; baseline 0.003 -17"><span class='ocrx_word' id='word_1_397' title='bbox 103 3023 308 3070; x_wconf 84' lang='lat' dir='ltr'><em>[BCHLA</em></span> <span class='ocrx_word' id='word_1_398' title='bbox 338 3025 478 3066; x_wconf 80' lang='lat' dir='ltr'><strong>Cuiac.</strong></span> <span class='ocrx_word' id='word_1_399' title='bbox 506 3027 620 3065; x_wconf 85' lang='lat' dir='ltr'><strong>Harl.</strong></span> <span class='ocrx_word' id='word_1_400' title='bbox 648 3025 751 3065; x_wconf 78' lang='lat'><strong><em>2574</em></strong></span> <span class='ocrx_word' id='word_1_401' title='bbox 779 3025 910 3065; x_wconf 80' lang='lat' dir='ltr'><strong>Laur.</strong></span> <span class='ocrx_word' id='word_1_402' title='bbox 938 3026 1007 3074; x_wconf 76' lang='lat'><strong>55,</strong></span> <span class='ocrx_word' id='word_1_403' title='bbox 1035 3026 1085 3066; x_wconf 75' lang='lat'><strong>42</strong></span> <span class='ocrx_word' id='word_1_404' title='bbox 1116 3026 1260 3066; x_wconf 81' lang='lat' dir='ltr'><strong>Venet.</strong></span> <span class='ocrx_word' id='word_1_405' title='bbox 1289 3026 1362 3065; x_wconf 74' lang='lat'><strong>407</strong></span> <span class='ocrx_word' id='word_1_406' title='bbox 1390 3025 1526 3066; x_wconf 74' lang='lat' dir='ltr'><strong>Vallo.</strong></span> <span class='ocrx_word' id='word_1_407' title='bbox 1553 3027 1655 3067; x_wconf 76' lang='lat'><em>4650</em></span> <span class='ocrx_word' id='word_1_408' title='bbox 1688 3028 1772 3078; x_wconf 77' lang='lat' dir='ltr'><strong>(hic</strong></span> 
     </span>
    </p>
   </div>
  </div>
 </body>
</html>
