2040 3372
795 79 1110 121 TESTIMONIA
1748 79 1801 120 Xl

113 214 176 261 25
211 220 430 260 APVLEIVS
472 215 591 277 apol.
618 216 669 263 6:
711 214 805 262 Cat.
844 215 923 270 39,
952 216 1009 262 17
1189 217 1248 262 10
1286 212 1445 260 eadem
1480 213 1622 273 igitur
1657 228 1796 275 opera

279 288 500 328 accusent
534 281 582 327 C.
619 280 914 328 Catullum
959 280 1083 341 quod
1125 280 1340 327 Lesbiam
1385 293 1473 340 pro
1511 279 1667 326 Clodia
1713 295 1798 326 no-

276 346 488 404 minarit,
539 353 585 393 et
628 346 832 396 Ticidam
883 346 1094 395 similiter
1145 347 1268 407 quod
1315 359 1431 407 quae
1476 345 1658 392 Metella
1703 352 1800 392 erat

277 412 490 459 Perillam
537 412 797 474 scripserit,
845 419 890 459 et
924 412 1221 473 Propertium
1267 412 1346 473 qui
1383 411 1627 473 Cynthiam
1663 411 1797 469 dicat,

280 478 487 526 Hostiam
513 479 779 535 dissimulet,
817 485 864 525 et
887 479 1122 526 Tibullum
1147 479 1270 540 quod
1297 478 1338 525 ei
1364 478 1522 524 Plania
1551 477 1598 524 in
1625 478 1797 534 animo,

276 544 401 591 Delia
436 545 484 591 in
521 559 660 592 uersu
828 547 911 593 11:
954 545 1048 592 Cat.
1079 547 1154 603 16,
1180 549 1208 593 5
1366 547 1645 602 (Mamm).

111 611 176 659 26
211 615 464 655 PORPHYRIO
498 612 558 658 ad
590 610 701 658 Hor.
727 626 856 659 serm.
888 614 930 669 1,
961 614 1035 669 10,
1066 613 1125 659 19
1161 612 1247 659 hos
1282 617 1434 658 autem
1459 611 1575 658 duos
1600 611 1797 658 Hermo-

276 691 429 738 genen
482 684 528 724 et
571 678 855 724 Demetrium
901 684 1042 738 negat
1091 677 1307 738 antiquas
1347 678 1610 725 comoedias
1643 678 1798 738 legere

267 742 430 804 ‘neque
464 744 577 791 alios
612 759 749 804 quam
783 743 932 790 Licini
958 744 1085 791 Calui
1120 750 1166 790 et
1199 744 1399 791 Valeri
1436 744 1655 791 Catulli
1689 757 1798 790 uer-

275 824 354 856 sus
387 810 615 857 modulari
651 811 728 871 (cf.
766 817 1086 858 commentator
1126 810 1319 872 Cruquii
1350 811 1409 858 ad
1442 810 1483 858 h.
1518 811 1547 858 l.
1589 826 1636 873 p.
1675 811 1797 858 398:

273 876 331 923 ad
377 876 492 923 nihil
538 876 661 923 aliud
706 877 870 924 doctus
914 891 1050 937 quam
1102 877 1157 923 ad
1210 876 1414 923 carmina
1460 876 1627 923 Licinii
1673 875 1799 923 Calui

276 949 322 989 et
365 941 588 989 Valerii
635 942 854 989 Catulli
898 942 1200 1000 decantanda)
1402 943 1462 990 ad
1505 942 1618 991 Hor.
1665 957 1796 989 serm.

275 1009 320 1064 2,
358 1010 402 1064 3,
440 1010 560 1056 299:
612 1008 706 1055 Cat.
744 1010 822 1065 22,
859 1010 918 1056 21
1093 1008 1154 1055 ad
1189 1023 1327 1055 carm.
1371 1012 1412 1064 1,
1455 1011 1527 1065 16,
1566 1010 1654 1056 22:
1701 1008 1795 1056 Cat.

272 1073 410 1135 frym.
449 1076 476 1122 3
516 1074 591 1134 (cf.
629 1089 786 1122 comm.
819 1074 1013 1135 Cruquii
1045 1075 1104 1121 ad
1136 1074 1178 1121 Ιι.
1206 1074 1233 1121 l.
1265 1090 1314 1136 p.
1342 1070 1427 1122 44¹³
1464 1082 1510 1120 et
1546 1082 1615 1122 est
1651 1074 1795 1135 aptis-

272 1139 415 1187 simus
462 1141 515 1186 ad
561 1140 946 1188 maledicendum.
1027 1140 1301 1188 Catullus
1342 1135 1409 1187 ‘at
1454 1156 1549 1187 non
1607 1140 1798 1202 effugies

269 1220 400 1253 meos
434 1199 671 1266 iambos').

102 1272 166 1319 27
205 1277 479 1327 (CENSORINI)
525 1274 695 1335 fraym.
726 1290 773 1335 p.
800 1272 947 1333 †612,
990 1273 1074 1321 18:
1115 1272 1208 1320 Cat.
1246 1275 1292 1329 4,
1333 1276 1354 1320 1
1529 1272 1680 1333 †6l4,
1710 1272 1794 1321 18:

278 1338 372 1386 Cat.
399 1342 444 1396 2,
485 1342 505 1387 1
687 1337 834 1399 †615,
875 1342 960 1387 12:
1002 1339 1096 1386 C'at.
1130 1340 1268 1400 frym.
1310 1342 1332 1386 1
1508 1337 1796 1397 <tilulus‘IuL

269 1403 542 1453 Agathemeri
567 1405 680 1454 Aug,
711 1405 779 1444 lib.
810 1417 835 1443 a
864 1417 968 1443 cura
1007 1397 1261 1442 amicormn'
1290 1406 1337 1443 in
1365 1403 1510 1443 Burm.
1540 1404 1627 1443 AL.
1657 1407 1693 1452 5,
1718 1405 1795 1443 219

272 1456 436 1508 Meyer-i
462 1457 549 1498 AL.
581 1459 705 1498 1704:
737 1457 823 1497 Cat.
854 1459 891 1506 2,
923 1459 985 1498 13.
1015 1458 1053 1507 3,
1085 1458 1164 1507 12>.

102 1512 167 1561 28
203 1517 371 1556 Noivtvs
408 1519 669 1557 MARCELLVS
697 1528 745 1574 p.
788 1513 895 1569 108,
937 1513 1020 1560 13:
1065 1511 1157 1559 Cat.
1197 1514 1275 1570 64,
1314 1514 1371 1561 71
1583 1513 1692 1569 134,
1730 1513 1789 1559 21

270 1577 475 1636 (Catulus
519 1579 733 1641 Priopo):
785 1579 879 1626 Cat.
924 1579 1063 1639 frym.
1110 1580 1139 1625 2
1368 1579 1476 1636 198,
1527 1581 1583 1626 11
1628 1570 1789 1625 ‘cinis'

273 1680 284 1690 .
311 1679 322 1690 .
349 1679 360 1691 .
406 1645 632 1692 feminino
677 1645 800 1707 apud
847 1645 1086 1692 Caesarem
1133 1652 1179 1691 et
1224 1645 1516 1691 Catullum
1564 1645 1794 1702 (Catulum

271 1710 403 1767 libri5
440 1712 497 1771 cf.
535 1713 596 1759 ad
624 1712 716 1760 Cat.
745 1714 823 1769 68,
850 1713 928 1760 90.
972 1713 1080 1769 101,
1108 1712 1156 1771 4)
1194 1717 1239 1757 et
1274 1711 1465 1758 Caluum
1500 1711 1672 1758 lectum
1708 1717 1792 1766 est,

270 1791 469 1838 quorum
506 1779 688 1824 uacillat
723 1778 972 1824 auctoritas
1132 1775 1263 1840 [517,
1302 1779 1356 1825 3:
1398 1777 1493 1824 Cat.
1532 1779 1670 1838 frqm.
1713 1773 1792 1839 13]

404 1841 535 1907 [546,
572 1846 635 1893 26
681 1845 969 1903 (Catullus
1010 1843 1337 1903 Veronensis):
1387 1843 1480 1891 Cat.
1517 1845 1655 1905 frym.
1698 1840 1791 1906 11].

101 1911 164 1959 29
205 1915 511 1954 TERENTIANVS
543 1917 727 1955 MAVRVS
766 1910 957 1970 †2277:
1009 1909 1103 1957 Cat.
1128 1912 1174 1966 4,
1205 1913 1226 1957 1
1401 1911 1531 1957 2562
1572 1909 1716 1970 (docti
1742 1943 1791 1955 ..

269 1975 528 2034 Catulli):
571 1976 664 2024 Cat.
709 1980 747 2034 1,
786 1981 805 2023 1
958 1977 1114 2023 2755:
1158 1975 1251 2023 Cat.
1287 1975 1427 2037 frqm.
1469 1979 1492 2023 1
1636 1977 1791 2025 2899:

275 2041 367 2088 Cat.
395 2043 473 2098 63,
504 2045 544 2089 1.

103 2110 166 2157 30
202 2113 382 2152 ATJLJVS
410 2113 781 2153 FORTVNATJANVS
809 2124 856 2170 p.
892 2107 1040 2170 †292,
1084 2109 1164 2154 14:
1204 2107 1300 2154 Cat.
1337 2109 1473 2168 frqm.
1514 2110 1537 2155 1

270 2174 417 2235 †293,
438 2177 491 2222 4:
524 2175 616 2222 Cat.
643 2177 720 2232 37,
746 2177 768 2222 1
946 2172 1093 2233 †293,
1119 2176 1173 2222 8:
1199 2174 1292 2220 Cat.
1320 2175 1365 2231 2,
1391 2177 1413 2221 1
1588 2175 1698 2233 298,
1726 2176 1783 2222 21

268 2244 342 2298 (ex
379 2241 623 2287 catulliano
659 2239 1087 2303 hendecasyllabo):
1132 2240 1225 2288 Cat.
1256 2243 1296 2297 1,
1324 2242 1366 2287 2.

102 2308 160 2356 31
201 2312 368 2351 MARJVS
400 2313 663 2352 VICTORINVS
691 2323 738 2370 p.
774 2307 888 2369 †63‚
925 2308 1012 2356 28:
1053 2306 1148 2354 Cat.
1186 2310 1230 2362 4,
1263 2310 1283 2353 1
1457 2305 1571 2367 †84‚
1597 2309 1653 2355 4:
1693 2306 1788 2354 Cat.

267 2375 358 2431 4,1
532 2373 681 2434 †119‚
709 2376 762 2421 6:
795 2374 887 2422 Cat.
913 2376 1052 2435 frym.
1085 2376 1106 2420 1
1278 2372 1425 2432 †125,
1453 2375 1503 2421 6:
1533 2373 1628 2421 Cat.
1655 2374 1734 2430 64,
1766 2377 1782 2421 1

400 2438 547 2498 †134,
585 2444 639 2487 4:
684 2440 777 2488 Cat.
805 2445 850 2498 4,
879 2444 902 2489 1
1070 2438 1216 2499 †136,
1243 2440 1333 2487 20:
1376 2439 1470 2486 Cat.
1499 2441 1576 2498 52,
1603 2442 1631 2487 2

271 2507 380 2563 148,
407 2507 496 2554 20:
527 2506 620 2553 Cat.
653 2510 692 2563 1,
725 2511 743 2554 1
925 2509 1033 2562 151,
1061 2507 1119 2554 8:
1151 2505 1246 2552 Cat.
1271 2506 1409 2566 frym.
1442 2510 1482 2565 1,
1512 2510 1534 2555 1
1682 2509 1790 2565 151,

265 2573 354 2618 22:
387 2572 478 2619 Cat.
496 2573 634 2634 frym.
660 2576 700 2630 1,
722 2575 749 2621 3
886 2573 1032 2633 †l54,
1057 2573 1146 2620 24:
1178 2572 1271 2619 Cat.
1301 2575 1376 2629 63,
1406 2576 1425 2620 1
1568 2571 1714 2632 †162,
1736 2575 1788 2622 6:

274 2637 367 2685 Cat.
394 2641 490 2696 4,1.

100 2705 162 2752 32
199 2710 361 2747 AELJVS
387 2710 594 2750 DONATVS
627 2706 686 2752 ad
725 2704 821 2752 Ter.
851 2704 991 2753 Andr.
1017 2708 1063 2764 4,
1092 2709 1136 2764 3,
1164 2708 1216 2755 3:
1259 2707 1352 2762 Cat,
1382 2707 1458 2764 72,
1486 2707 1529 2755 8.

97 2845 360 2887 Philumenae
390 2859 439 2888 ex
477 2849 627 2889 auiario
656 2848 951 2899 Domitior(um)
982 2853 1077 2899 etc„
1117 2853 1189 2901 qui
1217 2851 1449 2889 catulliana
1489 2850 1693 2900 quaedam
1734 2864 1787 2889 eoe

99 2911 131 2939 c.
150 2901 173 2939 2
191 2904 231 2939 et
245 2902 268 2940 3
286 2903 480 2950 eontinet,
511 2904 705 2942 novicius
720 2906 801 2941 est:
830 2905 930 2941 item
949 2906 1120 2954 spurius
1148 2907 1208 2942 est
1236 2904 1385 2942 titulus
1412 2907 1655 2942 neronensis
1674 2903 1720 2942 D.
1735 2902 1787 2942 M.

97 2952 316 3003 lpsithillae
338 2954 593 2995 dulcissimae
615 2956 655 2995 C.
672 2955 855 2996 Valerius
883 2956 1063 2996 Catullus
1091 2957 1296 3007 leporibus
1327 2956 1409 2996 suis
1438 2968 1623 2997 moerens
1653 2957 1789 3007 posuit

96 3004 167 3055 (cf.
194 3005 281 3047 Cat.
304 3020 337 3047 c.
362 3009 428 3059 32)
456 3010 502 3047 in
531 3009 678 3057 Maffei
704 3021 808 3049 mus.
834 3010 985 3049 Veron.
1014 3023 1055 3061 p.
1073 3012 1162 3060 190,
1190 3013 1240 3058 ἵ].
