2040 3372
840 147 904 196 63,
931 146 1088 186 50—73
1730 145 1791 190 53

175 290 220 328 50
248 275 418 328 ‘Patria
456 296 482 327 0
517 280 607 327 mei
641 280 850 333 creatrix,
886 280 1033 341 patria
1069 295 1096 326 o
1130 293 1229 325 mea
1265 280 1488 339 genetrix,

252 346 351 409 Ego
388 361 537 408 quam*
559 345 1049 407 misera'relinquens,
1085 346 1299 392 dominos
1333 352 1384 391 ut
1417 346 1652 407 herit'ugae

253 413 431 461 Famuli
466 414 631 470 solent,
667 414 721 459 ad
757 413 863 459 Idae
897 413 1028 459 tetuli
1064 426 1255 459 nemora
1288 413 1468 473 pedem,

252 480 312 527 Vt
344 488 458 541 aput
492 479 646 527 niuem
684 487 730 525 et
762 481 967 526 ferarum
1001 479 1149 540 gelida
1179 479 1358 526 stabula
1392 479 1539 526 forem

254 545 314 594 Et
349 560 504 593 earum
543 546 696 593 omnia
732 546 904 593 adirem
938 545 1187 592 furibunda
1220 545 1421 603 latibula,

177 620 222 659 55
258 612 452 659 Vbinam
488 619 567 659 aut
602 611 770 673 quibus
805 613 917 659 locis
952 619 997 658 te
1033 613 1241 673 positam,
1276 612 1437 673 patria,
1474 610 1613 659 reor?

254 679 390 740 Cupit
423 680 521 740 ipsa
557 679 729 741 pupula
767 679 824 726 ad
855 686 900 726 te
936 678 1023 726 sibi
1059 679 1256 738 dirigere
1291 678 1450 735 aciem,

253 745 397 804 Rabie
432 747 528 792 fera
564 760 728 792 carens
763 746 872 792 dum
908 745 1051 792 breue
1086 752 1269 806 tempus
1304 745 1484 792 animus
1520 751 1602 791 est.

253 811 416 872 Egone
451 826 475 858 a
511 826 612 859 mea
645 820 821 859 remota
857 813 971 859 haec
1005 813 1127 858 ferar
1162 812 1207 858 in
1247 826 1435 858 nemora
1472 810 1641 858 domo?

253 879 404 925 Patria
438 878 576 926 bonis
610 880 767 925 amicis
802 879 1090 940 genitoribus
1126 876 1302 925 abero?

176 953 221 992 60
255 945 406 991 Α11οιὀ
441 945 543 992 foro
580 945 803 1006 palaestra
839 945 984 992 stadio
1022 952 1068 991 et
1102 943 1403 1006 guminasiis?

254 1011 392 1059 Miser
427 1026 453 1058 a
488 1011 642 1069 miser,
680 1011 969 1072 querendum
1007 1018 1075 1059 est
1109 1011 1245 1058 etiam
1271 1019 1408 1072 atque
1439 1011 1590 1067 etiam,
1626 1010 1794 1058 anime.

257 1077 391 1132 Quod
428 1078 550 1124 enim
587 1092 735 1138 genus
770 1080 989 1138 figuraest
1023 1091 1108 1137 ego
1145 1092 1240 1123 non
1279 1078 1398 1137 quod
1434 1076 1655 1124 obierim?

254 1143 354 1205 Ego
389 1144 569 1201 mulier,
606 1158 691 1204 ego
729 1145 1010 1199 adolescens,
1047 1158 1132 1204 ego
1170 1144 1391 1204 ephebus,
1428 1158 1513 1205 ego
1548 1159 1678 1205 puer,

229 1210 354 1270 'Ego
389 1213 601 1272 gymnasi
631 1211 698 1257 fui
733 1211 831 1266 flos,
868 1225 952 1271 ego
990 1225 1116 1257 eram
1151 1210 1289 1257 decus
1326 1210 1434 1256 olei:

175 1285 222 1324 65
255 1276 365 1323 Mihi
400 1277 564 1323 ianuae
599 1278 619 1339 f
650 1285 882 1353 quanm,
918 1277 1031 1323 mihi
1066 1277 1221 1323 limina
1257 1277 1424 1337 tepida,

254 1343 363 1389 Mihi
399 1343 574 1390 floridis
633 1332 799 1391 aretiis
826 1341 1034 1390 redimita
1069 1344 1233 1390 domus
1269 1352 1380 1399 erat,

253 1410 578 1470 Linquendum
614 1410 695 1456 ubi
730 1418 850 1457 esset
886 1417 987 1456 orto
1025 1410 1134 1456 mihi
1168 1410 1260 1456 sole
1296 1409 1574 1456 cubiculum.

253 1475 352 1537 Ego
390 1491 516 1523 nunc
551 1477 686 1523 deum
722 1477 931 1523 ministra
967 1483 1012 1523 et
1048 1476 1236 1538 Cybeles
1271 1476 1439 1522 famula
1475 1473 1630 1522 ferar?

256 1541 354 1603 Ego
390 1557 593 1599 maenas,
630 1558 715 1604 ego
751 1544 839 1589 mei
874 1558 995 1604 pars,
1033 1543 1226 1608 OQJ'I·
1260 1543 1427 1590 sterilis
1463 1540 1577 1589 ero?

175 1617 220 1655 το
255 1608 353 1670 Ego
389 1609 550 1656 uiridis
584 1609 729 1670 algida
765 1610 871 1656 Idae
908 1614 1019 1657 niue
1055 1610 1172 1656 amic
1195 1624 1218 1656 a
1272 1596 1354 1655 303
1389 1607 1571 1655 colam?

254 1675 352 1736 Ego
390 1676 533 1722 uitam
567 1691 697 1737 agam
733 1677 819 1723 sub
855 1677 956 1723 altis
991 1676 1215 1737 Phrygiae
1252 1676 1576 1733 columinibus,

255 1741 339 1787 Vbi
376 1756 513 1788 cerua
549 1743 836 1799 siluicultrix,
876 1743 953 1788 ubi
990 1758 1100 1803 aper
1137 1740 1500 1802 nemoriuagus?

254 1807 349 1854 Iam
384 1809 472 1854 iam
508 1809 632 1855 dolet
667 1809 791 1870 quod
827 1810 913 1869 egi,
951 1810 1037 1855 iam
1074 1809 1255 1868 iamque
1291 1804 1524 1869 paenitet.2

256 1995 305 2032 5⁰
325 2004 412 2030 mea
433 1991 601 2031 creatrix
623 2006 658 2030 ω
679 1990 694 2043 ΙΙ
709 1992 890 2042 genetrix
909 1993 948 2040 (e
965 1993 1175 2042 posterior
1191 2005 1370 2042 superne
1388 1993 1554 2040 adrosa,
1567 1991 1640 2029 sed
1655 1990 1802 2037 suerat

121 2048 161 2082 et
179 2048 239 2083 est
257 2045 295 2093 e)
319 2044 351 2084 G
371 2045 457 2094 [D]:
488 2045 657 2095 genitrix
680 2045 711 2083 0
731 2045 911 2093 [CHLA]
932 2042 946 2095 ΙΙ
975 2048 1021 2084 51
1045 2045 1165 2084 miser
1187 2046 1235 2096 V,
1255 2058 1353 2085 corr
1370 2045 1665 2084 Froehlielzius
1682 2043 1695 2094 Η
1715 2044 1798 2084 11011

118 2097 215 2148 suge
254 2100 355 2148 (pro
384 2098 410 2137 h
439 2098 584 2144 fuerat
612 2111 658 2146 11,
695 2110 792 2137 corr
823 2098 889 2147 G1)
922 2098 955 2137 G
994 2098 1008 2150 ΙΙ
1044 2100 1094 2138 52
1122 2098 1202 2148 yde
1234 2099 1266 2138 G
1300 2098 1313 2150 ΙΙ
1352 2099 1467 2138 tetuli
1500 2098 1579 2137 0*.·
1614 2097 1734 2137 retuli
1767 2097 1800 2136 G

121 2152 176 2199 [et
196 2151 402 2202 plerique]
431 2150 445 2202 ΙΙ
473 2162 647 2190 1110111013
682 2151 739 2189 O*
765 2150 780 2203 ss
809 2153 858 2190 53
890 2150 942 2190 Vt
971 2156 1091 2202 caput
1119 2152 1164 2191 V
1191 2154 1205 2202 ΙΙ
1242 2152 1401 2192 stabilia
1434 2152 1490 2190 O*
1517 2150 1678 2191 stabilla
1715 2151 1802 2200 (sed

118 2203 264 2250 fuerat
291 2208 417 2243 antea
445 2204 628 2243 stabilia.-
670 2208 768 2243 utra
796 2217 945 2243 manus
973 2207 1220 2253 correoeerit,
1255 2207 1395 2255 prima
1425 2218 1481 2244 an
1504 2217 1550 2255 g,
1586 2217 1672 2243 non
1697 2207 1800 2242 salis

119 2261 276 2296 certum
306 2261 387 2305 est,
425 2270 500 2307 ego
530 2259 799 2296 attribuerim
828 2261 1114 2297 cor-recturam
1142 2260 1323 2309 primae)
1354 2258 1412 2298 G*
1443 2258 1500 2309 [C‚
1531 2257 1673 2297 stabila
1704 2258 1799 2306 BA,

119 2310 276 2350 stabula
305 2311 508 2361 plerique]
538 2311 552 2362 ΙΙ
580 2313 631 2351 54
651 2311 799 2359 013313]
829 2311 976 2351 01111883
999 2312 1174 2363 Heysz'us
1202 2313 1326 2351 amica
1347 2312 1538 2350 Muretus
1565 2314 1704 2361 operta
1731 2311 1802 2349 uel

120 2375 246 2414 opaca
274 2363 374 2404 Luc.
404 2364 581 2402 Mueller
616 2364 665 2403 ad
700 2365 830 2403 omnia
870 2365 967 2403 irem
995 2365 1207 2403 Auantius
1248 2366 1261 2416 ΙΙ
1303 2367 1352 2406 55
1382 2365 1550 2416 1131113111
1589 2364 1676 2414 (sed
1703 2376 1800 2403 eorr

119 2420 211 2466 ipsa
232 2429 284 2456 m.
300 2420 386 2467 pr.)
410 2416 463 2456 Ο*
492 2417 506 2468 ΙΙ
534 2419 584 2457 56
614 2417 763 2468 popula
791 2422 873 2456 atte
895 2418 939 2457 V
959 2419 972 2467 ΙΙ
1002 2419 1052 2457 58
1080 2417 1165 2469 Ego
1194 2431 1244 2458 ne
1273 2430 1383 2458 amea
1406 2418 1450 2457 V
1469 2418 1484 2470 ss
1511 2418 1614 2457 ferar
1641 2415 1801 2466 (fuerat

119 2470 235 2519 ferat)
268 2470 301 2509 G
327 2470 342 2520 ΙΙ
370 2472 420 2510 60
450 2470 684 2521 guminasiis
711 2470 909 2509 Ellisius:
936 2471 1124 2522 gfimasiis
1148 2472 1179 2510 0
1198 2472 1408 2523 gynnastis
1437 2473 1533 2520 (nisi
1560 2470 1704 2519 fallor)
1727 2470 1799 2518 G*,

119 2523 216 2562 inde
243 2521 348 2570 fecit
374 2524 595 2575 gymnasiis
620 2535 653 2572 g
681 2524 947 2575 [gy(i)nnasiis
976 2524 1051 2562 BD
1079 2526 1298 2576 gymnasiis
1323 2526 1524 2575 plerique]
1553 2525 1568 2576 η
1606 2525 1653 2564 61
1686 2524 1735 2562 113
1769 2524 1800 2562 0

119 2577 169 2616 ah
202 2576 234 2615 G
263 2575 278 2628 [1
305 2578 355 2616 62
385 2576 511 2628 figura
540 2579 602 2616 est
622 2577 667 2616 V
686 2578 699 2628 ΙΙ
728 2577 823 2628 quid
853 2578 1015 2616 abierim
1039 2578 1084 2617 V
1103 2578 1210 2629 quod
1243 2578 1447 2617 habuerim
1477 2577 1667 2626 Scaliger
1695 2589 1800 2616 nunc

120 2629 228 2680 quod
256 2630 424 2669 obierim
453 2631 643 2669 Handius
670 2628 684 2681 ΙΙ
713 2631 762 2670 63
783 2631 926 2669 mulies
959 2630 1012 2668 O*
1039 2630 1124 2681 Ego
1153 2632 1278 2683 puber
1309 2631 1498 2681 Scaliger
1525 2630 1610 2681 Ego
1643 2629 1801 2669 iuuenis

119 2682 390 2734 Rossbergius
416 2684 428 2735 ΙΙ
458 2685 510 2723 64
538 2683 725 2734 gimnasti
747 2683 791 2723 V
811 2684 825 2734 Η
851 2684 913 2723 8111
936 2683 993 2722 G*
1013 2684 1081 2733 [D]
1110 2684 1124 2735 ΙΙ
1147 2689 1244 2735 post
1262 2685 1339 2724 flos
1358 2687 1573 2733 maiorem,
1594 2687 1693 2733 post
1720 2683 1799 2722 olei

120 2738 323 2775 minorem
351 2739 728 2787 interpunctionem
754 2739 899 2787 posuit
931 2737 1280 2777 lVilamowitzius
1298 2738 1311 2790 Η
1339 2739 1432 2790 oley
1456 2738 1497 2778 V
1518 2737 1533 2789 ss
1561 2739 1625 2777 65.
1654 2737 1718 2777 66.
1748 2738 1798 2775 67

120 2814 241 2855 Miehi
271 2819 419 2865 quater
441 2817 474 2856 e
492 2816 613 2856 Michi
644 2818 716 2866 bis,
745 2800 784 2852 ἀι
814 2818 874 2854 ets
897 2816 928 2854 0
953 2815 968 2868 ῃ
997 2818 1047 2856 66
1077 2818 1233 2858 circulis
1257 2818 1302 2858 V
1320 2817 1493 2866 [circulis
1521 2820 1562 2855 et
1588 2818 1635 2856 in
1662 2827 1798 2866 marg.

121 2867 161 2908 al
188 2869 335 2908 curulis
362 2869 411 2918 L]
442 2869 456 2921 ΙΙ
484 2872 532 2911 67
562 2869 808 2922 Liquendum
839 2870 883 2909 V
902 2869 917 2922 ΙΙ
945 2870 1032 2910 8010
1056 2870 1099 2910 V
1119 2871 1135 2923 ss
1162 2873 1212 2911 68
1241 2871 1325 2922 Ego
1355 2883 1428 2910 nec
1449 2871 1498 2920 V,
1528 2883 1624 2909 corr
1652 2869 1799 2909 Sanie-

122 2924 216 2960 nius
257 2922 271 2973 ΙΙ
312 2922 457 2963 desum
486 2922 690 2971 (fortasse
720 2935 740 2962 c
771 2924 909 2962 littera
938 2936 1082 2973 erasa,
1121 2922 1175 2970 eli
1206 2925 1262 2963 ad
1286 2926 1346 2972 66,
1375 2924 1441 2974 63)
1474 2923 1506 2963 G
1533 2922 1668 2963 Rheae
1697 2922 1799 2962 Luc.

124 2975 297 3014 Mueller
325 2975 423 3016 deae
444 2975 606 3015 Riesius
625 2975 638 3028 ΙΙ
657 2976 852 3015 ministtra
879 2976 933 3014 O*
960 2976 975 3028 ΙΙ
1004 2977 1152 3016 01110108
1176 2977 1208 3017 G
1238 2977 1404 3016 cibellos
1436 2977 1493 3015 O*
1518 2975 1531 3029 ΙΙ
1560 2977 1731 3016 ferarum
1761 2974 1802 3014 V

121 3027 135 3079 11
164 3030 213 3068 70
241 3027 303 3079 i(y
325 3029 527 3078 G)denene
549 3030 593 3070 V
611 3030 625 3081 ΙΙ
655 3033 699 3069 71
732 3030 819 3080 ph(f
841 3029 985 3080 0)rigie
1007 3030 1051 3069 V
1069 3029 1084 3082 ΙΙ
1113 3030 1322 3070 0011-111111118
1355 3031 1398 3071 V
1417 3028 1431 3082 ss
1462 3032 1509 3070 72
1540 3030 1627 3070 silui
1652 3029 1795 3069 cultrix

123 3081 163 3120 V
189 3079 204 3132 ΙΙ
231 3092 332 3131 apex
364 3081 417 3119 0*
444 3080 459 3131 11
487 3083 637 3122 nemori
666 3094 794 3132 uagus
824 3082 866 3120 V
