2040 3372
208 104 272 150 80
933 108 998 159 68,
1028 108 1185 149 38—57

483 241 533 287 Id
570 241 721 288 facere
757 247 837 288 aut
871 241 1026 288 animo
1065 257 1161 290 non
1199 243 1308 290 satis
1340 243 1548 304 ingenuo

411 308 547 363 Quod
583 308 666 354 tihi
702 322 798 354 non
835 308 1078 369 utriusque
1114 310 1292 371 petenti
1328 310 1459 372 copia
1495 315 1631 372 parta
1666 316 1755 359 est:

331 381 376 421 40
484 374 612 421 Vltro
651 389 736 436 ego
773 375 1013 433 deferrem,
1051 376 1183 437 copia
1220 376 1350 437 siqua
1386 378 1521 423 foret.

216 610 307 664 68¹)
413 610 528 663 Non
564 627 757 675 possum
790 613 1003 671 reticere,
1039 613 1165 672 deae,
1202 629 1294 676 qua
1329 629 1400 662 me
1434 614 1578 663 Allius
1613 616 1662 663 in
1697 629 1748 663 re

482 680 662 727 querit
696 686 776 726 aut
809 680 997 740 quantis
1031 680 1205 728 iuuerit
1240 681 1427 728 officiis:

410 746 507 792 Nec
542 747 728 807 fugiens
763 746 919 794 saeclis
956 745 1339 795 obliuiscentibus
1374 754 1498 795 aetas

482 812 610 860 Illius
645 813 735 860 hoc
771 828 909 860 caeca
946 820 1084 861 nocte
1118 820 1246 876 tegat
1279 814 1503 861 studium:

331 886 375 924 45
411 878 500 925 Sed
538 879 687 926 dicam
721 880 874 938 uobis,
910 895 996 928 uos
1030 895 1174 943 porro
1211 880 1350 927 dicite
1384 880 1542 928 multis
1880 889 1902 927 5

483 945 669 994 Milibus
706 953 753 993 et
787 947 926 994 facite
961 947 1076 994 haec
1112 953 1237 995 carta
1273 947 1492 1008 loquatur
1525 961 1642 994 anus

480 1079 792 1141 Notescatque
827 1081 973 1141 magis
1009 1088 1221 1128 mortuus
1255 1087 1393 1141 atque
1427 1080 1587 1142 magis,

408 1145 504 1192 Nec
540 1153 730 1194 tenuem
766 1155 931 1194 texens
967 1147 1176 1194 sublimis
1212 1161 1379 1194 aranea
1415 1147 1554 1194 telam

332 1220 383 1258 50·
481 1212 535 1259 In
573 1214 756 1260 deserto
792 1214 881 1260 Alli
918 1215 1110 1261 nomine
1146 1229 1263 1276 opus
1298 1214 1448 1260 faciat.
1858 1219 1903 1260 10

409 1278 524 1326 Nam
560 1280 673 1327 mihi
707 1295 846 1342 quam
884 1281 1064 1328 dederit
1098 1281 1268 1342 duplex
1302 1281 1569 1328 Amathusia
1603 1293 1760 1326 curam

484 1346 636 1404 Scitis,
674 1354 719 1394 et
754 1347 802 1394 in
840 1362 933 1408 quo
970 1362 1045 1394 me
1080 1347 1312 1394 corruerit
1346 1362 1533 1408 genere,

412 1412 527 1459 Cum
561 1420 745 1462 tantum
780 1415 990 1461 arderem
1027 1421 1254 1475 quantum
1287 1415 1508 1462 trinacria
1542 1427 1684 1475 rupes

481 1480 783 1542 Lymphaque
818 1481 866 1528 in
904 1482 1075 1528 oetaeis
1109 1480 1245 1527 malia
1280 1480 1617 1543 Thermopylis,

330 1553 377 1592 55
411 1546 584 1594 Maesta
619 1562 774 1609 neque
809 1548 992 1595 assiduo
1027 1547 1267 1595 tabescere
1303 1548 1475 1595 lumina
1509 1548 1621 1595 fletu
1858 1552 1903 1593 15

489 1613 735 1661 Cessarent
767 1615 983 1676 tristique
1017 1614 1168 1661 imbre
1204 1614 1390 1661 madere
1425 1629 1587 1676 genae,

414 1679 572 1734 Qualis
606 1681 656 1728 in
692 1681 805 1728 aerii
839 1681 1090 1743 perlucens
1124 1681 1302 1728 uertice
1337 1681 1509 1728 montis

348 1826 399 1864 38
428 1824 590 1875 ingenio
622 1825 666 1865 V
687 1827 701 1877 ΙΙ
727 1826 843 1876 petiti
874 1840 910 1865 co
945 1825 960 1878 [Ι
993 1829 1108 1876 parta
1137 1827 1312 1878 scre‘psi:
1339 1828 1457 1877 posta
1486 1825 1526 1866 V
1550 1826 1712 1876 praesto
1740 1824 1900 1864 Froeh-

212 1877 364 1969 ίΙίιοῆζιίαε
390 1883 529 1970 pcggta
558 1878 807 1918 Ribbeckz’us
847 1885 1032 1931 prompta
1062 1879 1345 1918 Baehrensius
1382 1879 1487 1919 facta
1517 1893 1552 1918 ω
1586 1876 1602 1931 ΙΙ
1637 1875 1837 1917 differrem
1869 1877 1900 1916 0

240 1944 251 1969 ι
285 1942 390 1970 erem

345 1984 425 2026 ‹381›
455 1985 739 2024 Interstitium
753 1986 917 2024 nullum
938 1985 991 2024 V.-
1011 1996 1046 2023 c.
1067 1986 1140 2023 681⁸
1161 1988 1201 2022 et
1213 1983 1283 2025 681³
1304 1986 1473 2035 primus
1499 1986 1718 2035 separauit
1733 1982 1901 2023 Ramler

211 2037 227 2089 ΙΙ
254 2039 303 2078 41
335 2049 455 2088 quam
484 2038 618 2078 fallius
647 2039 692 2079 V
714 2050 811 2078 corr
839 2038 1031 2087 Scaliger
1066 2050 1144 2088 qua
1182 2038 1252 2077 uel
1288 2050 1408 2090 quam
1435 2037 1608 2078 Manlius
1637 2051 1673 2076 ω
1708 2035 1724 2087 ΙΙ
1755 2041 1814 2077 ire
1845 2035 1901 2076 G.-

213 2091 271 2129 ire
305 2090 360 2128 O*
387 2090 402 2141 ΙΙ
429 2093 481 2131 42
510 2092 667 2131 lnuenit
698 2091 754 2130 0*
782 2091 796 2142 ΙΙ
826 2094 909 2140 aut]
939 2104 996 2130 an
1025 2094 1095 2130 et?
1121 2090 1135 2141 ΙΙ
1163 2091 1309 2131 uiuerit
1341 2091 1397 2130 0*
1426 2091 1581 2132 auxerit
1610 2090 1769 2130 Vsener
1794 2090 1808 2142 ΙΙ
1846 2091 1898 2131 43

211 2143 272 2183 Ne
302 2158 337 2182 ω
366 2143 457 2193 (Nei
484 2145 780 2192 Baelzrensius)
808 2143 991 2191 fortasse
1018 2148 1130 2183 recte
1157 2143 1173 2195 ss
1199 2144 1303 2184 sedis
1325 2145 1364 2184 V
1391 2144 1516 2194 [sedis
1545 2148 1585 2183 et
1616 2146 1663 2182 in
1690 2155 1828 2194 marg.
1856 2145 1898 2182 al-

212 2196 356 2237 saeclis
383 2197 435 2246 L]
462 2197 476 2249 ΙΙ
504 2200 555 2238 45
584 2202 702 2249 porto
733 2198 790 2236 O*
817 2198 831 2245 ΙΙ
867 2200 918 2238 46
948 2197 1125 2237 Millibus
1157 2197 1191 2236 G
1230 2196 1245 2248 ss
1286 2201 1392 2237 certa
1425 2197 1459 2237 G
1487 2197 1590 2237 c⁵ata
1623 2196 1679 2236 0*
1708 2199 1829 2245 [certa
1861 2201 1902 2236 et

210 2254 258 2289 in
285 2262 420 2301 marg.
450 2250 490 2290 al
518 2252 654 2291 cartha
683 2251 718 2290 L
748 2254 855 2291 carta
885 2252 1013 2291 Laur.
1034 2252 1104 2300 55,
1125 2251 1176 2291 42
1200 2252 1335 2292 Vatic.
1356 2252 1472 2300 4650]
1500 2251 1517 2304 n
1543 2253 1594 2292 47
1622 2251 1899 2290 interstitium

210 2305 339 2343 unius
365 2317 512 2344 uersus
539 2307 585 2344 in
609 2305 654 2355 G,
685 2306 805 2343 cuius
829 2317 910 2356 pr„
938 2309 988 2343 ut
1015 2306 1199 2354 uidetur,
1228 2317 1282 2344 m.
1302 2307 1349 2343 in
1369 2316 1504 2354 marg.
1525 2305 1751 2354 adscripsit
1778 2302 1899 2344 defic.

211 2360 486 2397 interstitium
531 2359 696 2398 nullum
742 2360 788 2396 in
838 2359 881 2398 O.
930 2360 1218 2409 [interstitium
1265 2361 1311 2397 in
1357 2357 1549 2398 BCHLA
1591 2357 1635 2398 V
1631 2359 1728 2397 atie.
1774 2357 1900 2397 4630.-

212 2411 406 2450 Omnibus
434 2416 475 2451 et
503 2411 559 2461 (in
579 2413 631 2462 P)
661 2412 791 2451 triuiis
812 2412 1001 2462 uulgetur
1021 2411 1154 2451 fabula
1175 2412 1326 2462 passim
1345 2411 1464 2451 ADP
1475 2411 1585 2450 Brit.
1605 2410 1730 2450 44945
1748 2409 1899 2450 Drosd.

210 2464 321 2504 Βίου.
350 2466 449 2504 606.·
489 2468 537 2504 in
577 2477 715 2516 marg.
742 2467 780 2505 P
816 2466 1030 2516 adscripta
1072 2469 1172 2504 sunt
1207 2465 1360 2505 Seneca
1402 2464 1627 2517 suppleuit,
1670 2463 1812 2503 eadem
1852 2466 1899 2503 in

210 2519 403 2557 Ambros.
432 2519 476 2557 H
496 2521 557 2559 46.
613 2518 808 2558 Omnibus
836 2519 959 2570 inque
988 2519 1091 2558 locis
1120 2519 1344 2558 celebretur
1372 2518 1476 2558 fama
1507 2517 1655 2568 sepulti
1684 2520 1898 2556 com-ector

211 2573 251 2610 D
270 2572 400 2610 Paris.
419 2571 533 2612 7990.
553 2573 677 2613 8252.
693 2573 816 2620 8256]
837 2571 850 2623 ΙΙ
870 2574 921 2612 48
943 2573 1010 2611 del
1038 2572 1229 2612 Handius
1247 2572 1262 2625 ΙΙ
1278 2571 1576 2623 Notescamque
1609 2570 1666 2610 G*
1693 2570 1708 2622 ΙΙ
1729 2573 1828 2621 post
1845 2571 1898 2611 49

210 2627 257 2661 in
294 2625 340 2665 V
362 2627 545 2677 scriptas
578 2630 639 2664 est
669 2638 816 2664 uersus
856 2625 1076 2666 loeundum
1105 2629 1284 2665 cometas
1311 2625 1451 2664 florida
1481 2631 1525 2664 ut
1545 2625 1584 2673 (ῐι
1604 2624 1650 2670 0)
1669 2626 1819 2674 ageret.
1841 2622 1897 2671 cf.

209 2680 273 2727 68,
306 2679 354 2718 46
394 2679 409 2731 ΙΙ
451 2682 500 2720 50
531 2679 599 2718 alli
633 2679 689 2718 0*
717 2683 759 2718 et
786 2678 978 2729 Scaliger
1007 2693 1027 2718 e
1055 2681 1318 2718 coniectura:
1347 2679 1397 2718 ali
1430 2678 1463 2717 G
1497 2677 1589 2717 Auli
1615 2677 1900 2728 Westplzaiius

210 2729 377 2770 Deserto
407 2733 447 2772 in
476 2732 600 2772 Manli
630 2748 665 2772 ω
694 2733 709 2786 ΙΙ
737 2735 785 2773 51
817 2732 905 2772 Non
929 2733 987 2771 G*<
1015 2732 1030 2784 ΙΙ
1057 2734 1108 2772 52
1137 2733 1178 2772 in
1199 2745 1262 2772 me
1283 2745 1363 2784 quo
1382 2732 1642 2781 Doeringius
1668 2730 1682 2782 ΙΙ
1711 2731 1898 2772 torruerit

212 2798 248 2823 ω
276 2789 470 2835 speciose.
526 2787 566 2826 in
597 2799 675 2839 qua
704 2798 767 2826 me
796 2787 981 2826 torruerit
1011 2798 1159 2826 uenere
1189 2786 1399 2825 Schrader
1425 2784 1439 2837 ΙΙ
1468 2787 1519 2824 54
1546 2784 1795 2836 Limphaque
1825 2783 1858 2823 0
1883 2782 1898 2835 Η

212 2837 367 2878 cetheis
396 2841 461 2888 (oe
490 2853 544 2878 eoe
572 2851 620 2879 ee
646 2839 794 2887 fecisse
820 2840 995 2878 uidetur
1024 2839 1091 2890 G¹)
1115 2839 1149 2879 G
1177 2839 1327 2879 cetheis
1353 2839 1384 2877 0
1404 2839 1468 2887 [D‚
1499 2838 1650 2878 ortheis
1668 2838 1746 2877 AL
1765 2836 1896 2877 oethis

209 2891 293 2930 BA
322 2893 450 2931 cethis
478 2894 521 2932 H
544 2893 672 2934 Laur.
700 2894 772 2944 55,
799 2894 851 2933 42
882 2894 1011 2933 otheis
1043 2893 1076 2933 C
1100 2893 1236 2933 Vatic.
1264 2893 1381 2940 4650]
1409 2891 1423 2944 ΙΙ
1459 2891 1605 2931 maulia
1635 2891 1672 2931 V
1698 2890 1714 2944 ΙΙ
1749 2894 1896 2931 termo-

209 2943 303 2995 pilis
335 2945 391 2983 0*
419 2947 671 2998 termophilis
702 2947 735 2987 G
768 2946 782 3000 ΙΙ
825 2950 874 2987 55
904 2947 1065 2986 numula
1090 2946 1123 2985 G
1152 2946 1313 2986 nfimula
1346 2945 1402 2984 0*
1429 2945 1578 2996 pupula
1599 2944 1776 2984 Ellisius
1800 2942 1816 2997 ΙΙ
1845 2945 1894 2985 56

211 2997 375 3037 Cessare
405 3011 454 3038 ne
485 3000 669 3052 tristique
699 3000 745 3040 V
781 3000 965 3039 Cessaret
993 3014 1029 3039 ω
1071 3011 1202 3052 neque
1230 2999 1332 3039 tristi
1363 2998 1563 3037 Muretus.
1600 2998 1897 3038 Froelzlickius

209 3053 551 3102 interpunctione
577 3058 740 3098 mutata
767 3066 840 3094 uu.
867 3054 1024 3093 57-62
1053 3066 1146 3093 cum
1173 3066 1214 3093 u.
1242 3054 1296 3093 65
1313 3065 1399 3103 sqq.
1430 3054 1657 3092 coniumcit
