2040 3372
248 109 308 154 10
941 115 1000 163 11,
1032 115 1177 164 3—12‚
1209 116 1231 154 2

444 245 570 293 Litus
606 252 658 292 ut
692 246 830 307 longe
867 255 1116 295 resonante
1153 263 1237 296 eoa

443 312 675 360 Tunditur
709 314 849 370 unda,

383 414 405 452 5
442 406 549 453 Siue
585 406 632 453 in
670 404 909 469 Hyrcanos
944 407 1173 456 Arabasue
1211 409 1385 467 molles,

443 472 529 520 Seu
566 473 705 534 Sagas
739 475 1078 535 sagittiferosue
1113 475 1321 531 Parthos,

443 539 550 586 Siue
588 555 679 600 qua
715 542 1108 602 septemgeminus
1145 543 1321 589 colorat

440 608 652 667 Aequora
688 607 830 664 Nilus⁹

443 699 551 747 Siue
588 706 716 748 trans
752 701 863 748 altas
899 701 1133 761 gradietur
1169 702 1320 763 Alpes,

362 774 403 812 10
443 766 646 814 Caesaris
682 767 840 815 uisens
875 768 1160 815 monimenta
1195 769 1363 830 magni,

441 832 663 880 Gallicum
698 833 914 881 Rhenum
950 835 1170 882 horribile
1207 849 1378 895 aequor
1414 834 1518 882 ulti-

440 915 632 961 mosque
671 900 933 958 Britannos,

441 993 606 1040 Omnia
643 995 768 1051 hacc,
806 1010 1124 1056 quaecumque
1162 997 1277 1042 seret
1312 994 1526 1042 uoluntas

440 1060 675 1118 Caelitum,
711 1068 935 1123 temptare
972 1062 1107 1109 simul
1141 1062 1303 1123 parati,

362 1134 403 1173 15
440 1127 586 1174 Pauca
624 1129 834 1175 nuntiate
869 1143 996 1176 meae
1031 1129 1211 1191 puellae

438 1195 541 1241 Non
579 1194 702 1242 bona
739 1195 872 1242 dicta.

439 1287 551 1334 Cum
586 1288 681 1335 suis
717 1289 844 1336 uiuat
881 1289 1120 1351 ualeatque
1155 1288 1376 1345 moechis,

438 1354 564 1408 Quos
600 1356 736 1402 simul
771 1356 1009 1417 complexa
1047 1362 1174 1404 tenet
1209 1361 1458 1411 trecentos,

436 1421 621 1468 Nullum
658 1437 815 1470 amans
850 1437 975 1481 uere,
1013 1423 1093 1471 sed
1129 1422 1378 1469 identidem
1414 1420 1623 1468 omnium

358 1495 402 1534 20
436 1488 515 1534 Ilia
552 1503 800 1551 rumpens:

436 1581 529 1628 Nec
566 1596 717 1629 meum
755 1589 984 1644 respectet
1019 1591 1069 1629 ut
1104 1589 1210 1629 ante
1247 1595 1466 1638 amorem,

436 1646 525 1702 Qui
560 1648 682 1696 illius
719 1650 852 1712 culpa
889 1649 1055 1697 cecidit
1091 1649 1219 1697 uelut
1252 1649 1371 1710 prati

434 1714 587 1761 Vltimi
623 1716 722 1772 flos,
760 1723 1086 1778 praetereunte
1122 1723 1367 1778 postquam

433 1781 600 1829 Tactus
636 1791 788 1830 aratro
826 1791 906 1832 est.

232 1923 298 1977 12
431 1924 700 1975 Marrucine
734 1930 877 1987 Asini,
916 1945 1056 1976 manu
1091 1930 1277 1977 sinistra

430 1993 531 2040 Non
570 1995 687 2042 belle
723 1996 867 2043 uteris
904 1997 951 2042 in
987 1997 1089 2043 ioco
1126 2003 1263 2057 atque
1301 1995 1434 2042 uino:

364 2101 386 2139 3
416 2102 460 2138 ut
481 2099 526 2138 V
547 2101 626 2147 [I']:
657 2100 739 2149 [ubi
760 2102 886 2140 ceteri
905 2102 1016 2149 boni]
1045 2100 1057 2151 ΙΙ
1086 2112 1276 2140 resonans
1297 2099 1458 2139 Statius
1474 2097 1488 2150 ss
1509 2109 1581 2137 coa
1605 2096 1660 2135 O*
1687 2095 1702 2149 ss
1731 2098 1752 2136 5
1775 2095 1914 2135 arabas

230 2163 279 2191 ue
299 2151 374 2190 O*:
404 2152 568 2192 arabaes
589 2165 633 2204 qs
653 2153 710 2192 G*
730 2154 965 2206 [arabesque
983 2153 1187 2203 CDHLA]
1214 2153 1228 2205 ΙΙ
1258 2156 1281 2194 6
1303 2152 1397 2192 Siue
1422 2153 1464 2192 V
1485 2149 1500 2203 ΙΙ
1525 2154 1656 2202 [sagas
1678 2148 1912 2210 ABDL<112

228 2216 353 2255 sagax
372 2206 416 2246 V
423 2205 520 2255 [CH]
537 2205 658 2246 Sacas
674 2208 804 2257 uulgo
819 2209 833 2257 Η
847 2207 1091 2257 sagittiferos
1106 2219 1157 2247 ue
1175 2207 1207 2247 G
1223 2206 1449 2257 sagitiseros
1464 2217 1515 2245 ue
1533 2205 1564 2244 0
1578 2214 1674 2256 -que
1691 2216 1726 2243 ω
1744 2201 1760 2256 ΙΙ
1777 2205 1799 2242 ’7
1818 2201 1912 2264 §rue

227 2270 307 2309 que
331 2258 363 2298 G
392 2258 533 2311 Siueq3
557 2261 587 2299 0
616 2273 718 2312 quae
735 2275 769 2300 co
796 2259 812 2309 ΙΙ
840 2261 979 2313 8Epra
999 2261 1055 2300 0*
1082 2259 1096 2311 ΙΙ
1125 2263 1147 2301 9
1174 2260 1243 2300 Sui
1261 2260 1317 2299 0*
1344 2259 1357 2312 ΙΙ
1389 2262 1432 2301 11
1463 2270 1603 2299 renum
1626 2257 1658 2296 0
1684 2255 1699 2309 ΙΙ
1724 2255 1912 2318 horribile

228 2323 379 2364 aequor
407 2313 629 2364 Hauptius:
661 2314 950 2365 horribilesque
974 2316 1019 2355 V
1038 2314 1247 2354 horribiles
1268 2317 1308 2354 et
1330 2327 1364 2353 co
1393 2308 1603 2353 horribiles
1621 2311 1661 2350 in
1682 2324 1716 2350 ω
1746 2309 1912 2371 horribi-

228 2364 307 2405 lem
326 2377 455 2417 usque
475 2367 525 2406 ad
547 2367 753 2418 Coningto
781 2366 795 2419 ΙΙ
822 2368 895 2408 ulti
926 2381 991 2407 om
1011 2368 1055 2408 V
1076 2369 1152 2407 lzoc
1172 2368 1261 2408 loco
1283 2366 1352 2415 (cf.
1368 2380 1410 2407 u.
1424 2367 1511 2417 42):
1540 2365 1670 2415 addg
1696 2361 1710 2414 ΙΙ
1743 2364 1791 2404 12
1812 2361 1913 2402 Vlu-

228 2430 396 2471 mosque
411 2419 680 2473 (Vitimosque
699 2421 770 2471 O*)
786 2421 835 2469 V,
865 2423 978 2472 quod
1004 2425 1135 2461 erasit
1162 2426 1202 2461 et
1221 2434 1318 2461 corr
1339 2423 1385 2460 in
1407 2419 1574 2471 Mosque
1595 2431 1628 2469 g·
1655 2418 1674 2521 {a
1700 2418 1746 2459 13
1777 2416 1858 2478 sere
1874 2414 1917 2456 V

227 2473 240 2522 Η
274 2475 322 2512 14
350 2475 502 2513 tentare
533 2474 566 2514 G
593 2474 606 2526 ΙΙ
638 2478 685 2515 15
715 2475 901 2514 nunciate
933 2475 965 2515 G
994 2475 1182 2515 nunciare
1215 2475 1270 2514 0*
1296 2474 1310 2527 ΙΙ
1342 2477 1388 2514 17
1418 2473 1568 2514 mechis
1596 2472 1666 2520 Vl
1702 2472 1752 2511 22
1782 2469 1852 2510 Cul
1875 2469 1920 2509 V

228 2524 243 2576 ΙΙ
271 2527 318 2566 23
350 2531 507 2577 praeter
535 2532 653 2568 eunte
673 2528 774 2567 Luc.
795 2528 969 2567 Mueller
994 2528 1008 2579 Η
1038 2531 1088 2569 23
1109 2533 1150 2568 et
1166 2530 1217 2568 24
1245 2532 1458 2580 postquam
1488 2529 1618 2566 tactus
1646 2526 1775 2564 aratro
1797 2523 1920 2563 estV

227 2580 366 2618 eodem
395 2593 534 2632 uersu,
562 2582 633 2621 sed
659 2585 709 2620 ut
735 2594 904 2620 uersum
932 2582 1136 2621 adoneum
1162 2595 1237 2622 suo
1269 2582 1356 2622 loco
1386 2583 1441 2630 (u.
1469 2581 1536 2630 24)
1560 2581 1736 2631 poneret
1758 2587 1909 2640 3²⁴⁶*

226 2633 288 2670 his
317 2636 446 2674 tactus
475 2657 525 2663 —-
555 2638 617 2675 est
645 2638 690 2674 in
719 2638 905 2674 eoetremo
934 2648 1060 2674 uersu
1085 2637 1145 2676 25
1172 2638 1303 2675 erasis
1337 2634 1541 2684 simulque
1568 2633 1699 2672 erasis
1727 2641 1911 2681 qumque

223 2688 441 2734 prioribus
467 2688 642 2740 syllabis
670 2689 785 2727 tituli
813 2691 994 2728 carmini
1021 2689 1072 2729 42
1102 2702 1175 2740 ag
1196 2691 1319 2740 prius
1342 2688 1531 2739 praesia-i
1558 2685 1626 2736 (cll
1657 2684 1714 2724 ad
1732 2685 1770 2725 h.
1787 2684 1836 2734 ⁶2)
1863 2684 1909 2722 5⁷⁸

227 2740 378 2778 harum
406 2753 559 2781 rasura
585 2743 756 2793 scripsit
781 2754 852 2782 uu.
883 2741 1032 2782 Tactus
1061 2746 1191 2782 aratro
1221 2749 1294 2782 est.
1351 2744 1561 2793 [posquam
1590 2738 1666 2788 D*]

361 2792 415 2834 12
444 2795 719 2835 lnterstitz‘um
747 2797 874 2834 unius
901 2808 1047 2834 uersus
1076 2796 1130 2836 V:
1155 2809 1188 2847 g
1216 2798 1454 2835 inseruerat
1481 2794 1649 2833 titulum
1677 2791 1739 2831 Ad
1762 2789 1908 2830 Matra-

226 2845 317 2884 cinfi
346 2846 540 2899 Asinium,
570 2851 689 2888 cuius
716 2861 829 2888 nunc
857 2847 925 2898 (cs.
948 2850 1005 2888 ad
1021 2850 1166 2901 44,23)
1195 2850 1304 2888 nihil
1330 2851 1412 2887 nisi
1439 2860 1480 2888 u.
1500 2846 1682 2886 Asinium
1708 2845 1905 2896 superest.

225 2899 380 2938 litteris
407 2904 580 2940 minutis
609 2903 694 2942 add
710 2914 780 2941 uu.
812 2901 861 2941 ad
881 2904 1145 2942 matrucinum
1172 2906 1221 2942 ut
1240 2914 1401 2942 erasum
1426 2901 1541 2941 tituli
1564 2903 1728 2951 partem
1746 2896 1907 2948 supple-

224 2957 291 2991 ret
315 2967 343 3006 y
372 2953 446 3003 [Ad
466 2953 729 2996 Matrucinum
748 2955 913 2995 Asinum
933 2956 1130 3005 (Asinium
1146 2957 1240 3004 ΛΡ)
1256 2955 1505 3003 ACHLAP]
1533 2956 1546 3007 Η
1579 2957 1596 2994 1
1630 2952 1847 2994 Matrucine
1870 2954 1916 2994 V

221 3006 237 3058 Π
267 3007 290 3046 2
313 3010 412 3057 post
440 3008 579 3057 uteris,
615 3021 700 3048 non
725 3012 823 3059 post
849 3009 943 3048 uino
974 3011 1245 3061 interpunxit
1274 3009 1458 3048 Klotzius
1489 3009 1503 3062 ΙΙ
1540 3008 1582 3047 in
1610 3007 1699 3047 ioco
1728 3008 1829 3057 (sacr
1856 3006 1906 3046 al’

226 3059 315 3100 loco
349 3060 415 3111 G¹)
450 3061 482 3099 G
511 3061 642 3102 inloco
676 3062 707 3100 0
736 3063 789 3110 [in
819 3062 908 3102 ioco
939 3065 1079 3111 ceteri]
