<?xml version="1.0" encoding="UTF-8"?>
<!DOCTYPE html PUBLIC "-//W3C//DTD XHTML 1.0 Transitional//EN"
    "http://www.w3.org/TR/xhtml1/DTD/xhtml1-transitional.dtd">
<html xmlns="http://www.w3.org/1999/xhtml" xml:lang="en" lang="en">
 <head>
  <title>
</title>
<meta http-equiv="Content-Type" content="text/html;charset=utf-8" />
  <meta name='ocr-system' content='tesseract 3.04.00' />
  <meta name='ocr-capabilities' content='ocr_page ocr_carea ocr_par ocr_line ocrx_word'/>
</head>
<body>
  <div class='ocr_page' id='page_1' title='image "./catvlliveronensi00catuuoft_0131.png"; bbox 0 0 2040 3372; ppageno 0'>
   <div class='ocr_carea' id='block_1_1' title="bbox 806 131 1779 178">
    <p class='ocr_par' dir='ltr' id='par_1_1' title="bbox 806 131 1779 178">
     <span class='ocr_line' id='line_1_1' title="bbox 806 131 1779 178; baseline 0.003 -17"><span class='ocrx_word' id='word_1_1' title='bbox 806 131 1080 164; x_wconf 74' lang='lat' dir='ltr'>FRAGMENTA</span> <span class='ocrx_word' id='word_1_2' title='bbox 1685 132 1779 178; x_wconf 86' lang='lat'><strong>103</strong></span> 
     </span>
    </p>
   </div>
   <div class='ocr_carea' id='block_1_2' title="bbox 99 261 1775 527">
    <p class='ocr_par' dir='ltr' id='par_1_2' title="bbox 99 261 1775 527">
     <span class='ocr_line' id='line_1_2' title="bbox 240 261 1775 314; baseline 0.003 -13"><span class='ocrx_word' id='word_1_3' title='bbox 240 261 268 302; x_wconf 78' lang='lat'><strong>3</strong></span> <span class='ocrx_word' id='word_1_4' title='bbox 298 264 548 314; x_wconf 75' lang='lat' dir='ltr'><strong>[Porphyrio</strong></span> <span class='ocrx_word' id='word_1_5' title='bbox 577 263 633 302; x_wconf 85' lang='lat' dir='ltr'><strong>ad</strong></span> <span class='ocrx_word' id='word_1_6' title='bbox 662 263 826 301; x_wconf 83' lang='lat' dir='ltr'><em>Horatii</em></span> <span class='ocrx_word' id='word_1_7' title='bbox 853 275 978 303; x_wconf 85' lang='lat' dir='ltr'><strong>earm.</strong></span> <span class='ocrx_word' id='word_1_8' title='bbox 1007 264 1043 311; x_wconf 90' lang='lat'><strong>4,</strong></span> <span class='ocrx_word' id='word_1_9' title='bbox 1063 263 1124 314; x_wconf 88' lang='lat'><strong>46,</strong></span> <span class='ocrx_word' id='word_1_10' title='bbox 1141 264 1195 303; x_wconf 83' lang='lat'><strong>25</strong></span> <span class='ocrx_word' id='word_1_11' title='bbox 1223 261 1294 313; x_wconf 78' lang='lat' dir='ltr'><strong>(ef.</strong></span> <span class='ocrx_word' id='word_1_12' title='bbox 1324 265 1449 302; x_wconf 81' lang='lat' dir='ltr'><strong>etiam</strong></span> <span class='ocrx_word' id='word_1_13' title='bbox 1477 270 1775 306; x_wconf 80' lang='lat' dir='ltr'><strong>commentator</strong></span> 
     </span>
     <span class='ocr_line' id='line_1_3' title="bbox 99 314 1775 368; baseline 0.003 -14"><span class='ocrx_word' id='word_1_14' title='bbox 99 315 278 354; x_wconf 73' lang='lat' dir='ltr'><strong>Horatii</strong></span> <span class='ocrx_word' id='word_1_15' title='bbox 305 318 563 366; x_wconf 80' lang='lat' dir='ltr'><strong>cruquianus</strong></span> <span class='ocrx_word' id='word_1_16' title='bbox 597 316 655 355; x_wconf 88' lang='lat' dir='ltr'><strong>ad</strong></span> <span class='ocrx_word' id='word_1_17' title='bbox 689 316 823 355; x_wconf 83' lang='lat' dir='ltr'><strong>locum</strong></span> <span class='ocrx_word' id='word_1_18' title='bbox 860 317 1031 355; x_wconf 82' lang='lat' dir='ltr'><strong>eundem</strong></span> <span class='ocrx_word' id='word_1_19' title='bbox 1056 330 1098 367; x_wconf 81' lang='lat' dir='ltr'><strong>p.</strong></span> <span class='ocrx_word' id='word_1_20' title='bbox 1123 314 1191 356; x_wconf 70' lang='grc' dir='ltr'><strong>4άῦ</strong></span> <span class='ocrx_word' id='word_1_21' title='bbox 1220 320 1259 354; x_wconf 79' lang='lat' dir='ltr'><strong>et</strong></span> <span class='ocrx_word' id='word_1_22' title='bbox 1286 317 1363 356; x_wconf 89' lang='lat' dir='ltr'><strong>Ios.</strong></span> <span class='ocrx_word' id='word_1_23' title='bbox 1393 316 1523 368; x_wconf 83' lang='lat' dir='ltr'><strong>Klein,</strong></span> <span class='ocrx_word' id='word_1_24' title='bbox 1550 321 1654 358; x_wconf 77' lang='lat' dir='ltr'><strong>iiber</strong></span> <span class='ocrx_word' id='word_1_25' title='bbox 1682 322 1775 359; x_wconf 85' lang='lat' dir='ltr'><strong>eine</strong></span> 
     </span>
     <span class='ocr_line' id='line_1_4' title="bbox 107 368 1773 420; baseline 0.003 -13"><span class='ocrx_word' id='word_1_26' title='bbox 107 368 338 410; x_wconf 71' lang='lat' dir='ltr'><strong>Hand-sehr.</strong></span> <span class='ocrx_word' id='word_1_27' title='bbox 369 370 439 408; x_wconf 84' lang='lat' dir='ltr'><strong>des</strong></span> <span class='ocrx_word' id='word_1_28' title='bbox 471 369 669 408; x_wconf 78' lang='lat' dir='ltr'><strong>Nicolaus</strong></span> <span class='ocrx_word' id='word_1_29' title='bbox 696 382 734 408; x_wconf 89' lang='lat' dir='ltr'><strong>v.</strong></span> <span class='ocrx_word' id='word_1_30' title='bbox 769 369 882 417; x_wconf 75' lang='lat' dir='ltr'><strong>Caes,</strong></span> <span class='ocrx_word' id='word_1_31' title='bbox 911 370 1020 410; x_wconf 87' lang='lat' dir='ltr'><strong>Berl.</strong></span> <span class='ocrx_word' id='word_1_32' title='bbox 1050 371 1162 420; x_wconf 90' lang='lat'><strong><em>1866,</em></strong></span> <span class='ocrx_word' id='word_1_33' title='bbox 1183 382 1228 420; x_wconf 87' lang='lat' dir='ltr'><strong>p.</strong></span> <span class='ocrx_word' id='word_1_34' title='bbox 1254 370 1380 419; x_wconf 87' lang='lat'><strong><em>440).</em></strong></span> <span class='ocrx_word' id='word_1_35' title='bbox 1412 399 1421 409; x_wconf 91' lang='lat'>.</span> <span class='ocrx_word' id='word_1_36' title='bbox 1451 402 1459 411; x_wconf 92' lang='lat'><strong>.</strong></span> <span class='ocrx_word' id='word_1_37' title='bbox 1489 371 1611 410; x_wconf 85' lang='lat' dir='ltr'>iambi</span> <span class='ocrx_word' id='word_1_38' title='bbox 1640 375 1773 412; x_wconf 87' lang='lat' dir='ltr'><strong>autem</strong></span> 
     </span>
     <span class='ocr_line' id='line_1_5' title="bbox 107 400 1774 474; baseline 0.003 -14"><span class='ocrx_word' id='word_1_39' title='bbox 107 432 247 461; x_wconf 87' lang='lat' dir='ltr'><strong>uersus</strong></span> <span class='ocrx_word' id='word_1_40' title='bbox 276 422 473 472; x_wconf 83' lang='lat' dir='ltr'><strong>aptissimi</strong></span> <span class='ocrx_word' id='word_1_41' title='bbox 499 422 695 461; x_wconf 87' lang='lat' dir='ltr'><strong>habentur</strong></span> <span class='ocrx_word' id='word_1_42' title='bbox 723 421 772 460; x_wconf 88' lang='lat' dir='ltr'><strong>ad</strong></span> <span class='ocrx_word' id='word_1_43' title='bbox 801 400 1127 463; x_wconf 72' lang='lat' dir='ltr'><strong>maledicendum.</strong></span> <span class='ocrx_word' id='word_1_44' title='bbox 1185 422 1356 474; x_wconf 87' lang='lat' dir='ltr'><strong>denique</strong></span> <span class='ocrx_word' id='word_1_45' title='bbox 1385 426 1424 462; x_wconf 91' lang='lat' dir='ltr'><strong>et</strong></span> <span class='ocrx_word' id='word_1_46' title='bbox 1453 423 1652 474; x_wconf 85' lang='lat' dir='ltr'>Catullus,</span> <span class='ocrx_word' id='word_1_47' title='bbox 1683 437 1774 465; x_wconf 89' lang='lat' dir='ltr'><strong>cum</strong></span> 
     </span>
     <span class='ocr_line' id='line_1_6' title="bbox 107 454 1774 527; baseline 0.002 -14"><span class='ocrx_word' id='word_1_48' title='bbox 107 473 318 514; x_wconf 88' lang='lat' dir='ltr'><strong>maledicta</strong></span> <span class='ocrx_word' id='word_1_49' title='bbox 360 475 594 523; x_wconf 87' lang='lat' dir='ltr'><strong>minaretur,</strong></span> <span class='ocrx_word' id='word_1_50' title='bbox 636 475 694 514; x_wconf 88' lang='lat' dir='ltr'><strong>sic</strong></span> <span class='ocrx_word' id='word_1_51' title='bbox 736 475 791 514; x_wconf 91' lang='lat' dir='ltr'><strong>ait</strong></span> <span class='ocrx_word' id='word_1_52' title='bbox 829 469 904 515; x_wconf 88' lang='lat' dir='ltr'><strong>at</strong></span> <span class='ocrx_word' id='word_1_53' title='bbox 945 488 1041 515; x_wconf 91' lang='lat' dir='ltr'><strong>non</strong></span> <span class='ocrx_word' id='word_1_54' title='bbox 1085 475 1316 527; x_wconf 81' lang='lat' dir='ltr'><strong>effugies</strong></span> <span class='ocrx_word' id='word_1_55' title='bbox 1361 487 1495 516; x_wconf 87' lang='lat' dir='ltr'><strong>meos</strong></span> <span class='ocrx_word' id='word_1_56' title='bbox 1541 454 1774 518; x_wconf 87' lang='lat' dir='ltr'><strong>iambos&#39;.</strong></span> 
     </span>
    </p>
   </div>
   <div class='ocr_carea' id='block_1_3' title="bbox 106 524 320 579">
    <p class='ocr_par' dir='ltr' id='par_1_3' title="bbox 106 524 320 579">
     <span class='ocr_line' id='line_1_7' title="bbox 106 524 320 579; baseline 0.009 -13"><span class='ocrx_word' id='word_1_57' title='bbox 106 524 251 579; x_wconf 74' lang='lat' dir='ltr'><strong><em>efi40,</em></strong></span> <span class='ocrx_word' id='word_1_58' title='bbox 277 529 320 577; x_wconf 87' lang='lat'><strong>2]</strong></span> 
     </span>
    </p>
   </div>
   <div class='ocr_carea' id='block_1_4' title="bbox 92 671 1777 1152">
    <p class='ocr_par' dir='ltr' id='par_1_4' title="bbox 92 671 1775 1150">
     <span class='ocr_line' id='line_1_8' title="bbox 236 671 1775 727; baseline 0.001 -13"><span class='ocrx_word' id='word_1_59' title='bbox 236 671 267 714; x_wconf 80' lang='lat'><strong><em>4</em></strong></span> <span class='ocrx_word' id='word_1_60' title='bbox 294 673 483 722; x_wconf 83' lang='lat' dir='ltr'><strong>[Seruius</strong></span> <span class='ocrx_word' id='word_1_61' title='bbox 511 674 568 712; x_wconf 89' lang='lat' dir='ltr'><strong>ad</strong></span> <span class='ocrx_word' id='word_1_62' title='bbox 595 673 718 723; x_wconf 83' lang='lat' dir='ltr'><strong>Verg.</strong></span> <span class='ocrx_word' id='word_1_63' title='bbox 747 673 852 714; x_wconf 89' lang='lat' dir='ltr'><strong>Aen.</strong></span> <span class='ocrx_word' id='word_1_64' title='bbox 880 676 916 722; x_wconf 89' lang='lat'><strong>4,</strong></span> <span class='ocrx_word' id='word_1_65' title='bbox 944 676 1018 714; x_wconf 86' lang='lat'><strong><em>409</em></strong></span> <span class='ocrx_word' id='word_1_66' title='bbox 1066 673 1240 722; x_wconf 87' lang='lat' dir='ltr'><strong>(Quosue</strong></span> <span class='ocrx_word' id='word_1_67' title='bbox 1283 675 1406 716; x_wconf 90' lang='lat' dir='ltr'><strong>dabas</strong></span> <span class='ocrx_word' id='word_1_68' title='bbox 1449 676 1642 727; x_wconf 83' lang='lat' dir='ltr'><strong>gemitus,</strong></span> <span class='ocrx_word' id='word_1_69' title='bbox 1685 688 1775 716; x_wconf 89' lang='lat' dir='ltr'><strong>cum</strong></span> 
     </span>
     <span class='ocr_line' id='line_1_9' title="bbox 104 725 1777 791; baseline 0.003 -27"><span class='ocrx_word' id='word_1_70' title='bbox 104 725 221 765; x_wconf 90' lang='lat' dir='ltr'><strong>litora</strong></span> <span class='ocrx_word' id='word_1_71' title='bbox 251 726 404 766; x_wconf 85' lang='lat' dir='ltr'><strong>seruere</strong></span> <span class='ocrx_word' id='word_1_72' title='bbox 432 726 527 791; x_wconf 89' lang='lat' dir='ltr'><strong>late)</strong></span> <span class='ocrx_word' id='word_1_73' title='bbox 557 728 657 766; x_wconf 85' lang='lat' dir='ltr'><strong>lzaec</strong></span> <span class='ocrx_word' id='word_1_74' title='bbox 685 726 1180 767; x_wconf 80' lang='lat' dir='ltr'><strong>adnotauit:1nfinitiuus</strong></span> <span class='ocrx_word' id='word_1_75' title='bbox 1208 729 1273 768; x_wconf 91' lang='lat' dir='ltr'><strong>hic</strong></span> <span class='ocrx_word' id='word_1_76' title='bbox 1302 741 1323 768; x_wconf 91' lang='lat' dir='ltr'><strong>a</strong></span> <span class='ocrx_word' id='word_1_77' title='bbox 1353 729 1469 769; x_wconf 90' lang='lat' dir='ltr'><strong>tertia</strong></span> <span class='ocrx_word' id='word_1_78' title='bbox 1499 732 1559 769; x_wconf 91' lang='lat' dir='ltr'><strong>est</strong></span> <span class='ocrx_word' id='word_1_79' title='bbox 1585 730 1777 780; x_wconf 87' lang='lat' dir='ltr'><strong>coniuga-</strong></span> 
     </span>
     <span class='ocr_line' id='line_1_10' title="bbox 92 773 1773 850; baseline 0.003 -32"><span class='ocrx_word' id='word_1_80' title='bbox 92 779 228 829; x_wconf 66' lang='lat' dir='ltr'><strong>tione,</strong></span> <span class='ocrx_word' id='word_1_81' title='bbox 257 778 297 818; x_wconf 86' lang='lat' dir='ltr'><strong>id</strong></span> <span class='ocrx_word' id='word_1_82' title='bbox 317 782 378 819; x_wconf 87' lang='lat' dir='ltr'><strong>est</strong></span> <span class='ocrx_word' id='word_1_83' title='bbox 399 791 421 818; x_wconf 93' lang='grc'>3</span> <span class='ocrx_word' id='word_1_84' title='bbox 443 775 575 820; x_wconf 82' lang='lat' dir='ltr'><strong>‘seruo</strong></span> <span class='ocrx_word' id='word_1_85' title='bbox 605 773 900 820; x_wconf 53' lang='lat' dir='ltr'><strong>feruis1nam</strong></span> <span class='ocrx_word' id='word_1_86' title='bbox 929 781 1125 820; x_wconf 88' lang='lat' dir='ltr'><strong>secundae</strong></span> <span class='ocrx_word' id='word_1_87' title='bbox 1146 782 1439 847; x_wconf 88' lang='lat' dir='ltr'><strong>coniugationis</strong></span> <span class='ocrx_word' id='word_1_88' title='bbox 1466 783 1588 822; x_wconf 90' lang='lat' dir='ltr'><strong>uerba</strong></span> <span class='ocrx_word' id='word_1_89' title='bbox 1617 782 1773 850; x_wconf 80' lang='lat' dir='ltr'><strong>perdito</strong></span> 
     </span>
     <span class='ocr_line' id='line_1_11' title="bbox 96 825 1773 896; baseline 0.002 -25"><span class='ocrx_word' id='word_1_90' title='bbox 96 825 160 871; x_wconf 85' lang='lat' dir='ltr'><strong>‘e&#39;</strong></span> <span class='ocrx_word' id='word_1_91' title='bbox 193 832 299 896; x_wconf 90' lang='lat' dir='ltr'><strong>quod</strong></span> <span class='ocrx_word' id='word_1_92' title='bbox 330 832 477 872; x_wconf 88' lang='lat' dir='ltr'><strong>habent</strong></span> <span class='ocrx_word' id='word_1_93' title='bbox 505 837 597 872; x_wconf 89' lang='lat' dir='ltr'><strong>ante</strong></span> <span class='ocrx_word' id='word_1_94' title='bbox 620 826 685 873; x_wconf 84' lang='lat'><strong>0&#39;</strong></span> <span class='ocrx_word' id='word_1_95' title='bbox 714 833 754 872; x_wconf 93' lang='lat' dir='ltr'><strong>in</strong></span> <span class='ocrx_word' id='word_1_96' title='bbox 783 834 940 873; x_wconf 84' lang='lat' dir='ltr'><strong>tertiam</strong></span> <span class='ocrx_word' id='word_1_97' title='bbox 969 834 1159 884; x_wconf 89' lang='lat' dir='ltr'><strong>migrant:</strong></span> <span class='ocrx_word' id='word_1_98' title='bbox 1189 839 1234 874; x_wconf 88' lang='lat' dir='ltr'><strong>ut</strong></span> <span class='ocrx_word' id='word_1_99' title='bbox 1256 830 1410 875; x_wconf 78' lang='lat' dir='ltr'><strong>‘ferueo</strong></span> <span class='ocrx_word' id='word_1_100' title='bbox 1441 829 1586 886; x_wconf 85' lang='lat' dir='ltr'><strong>feruo&#39;,</strong></span> <span class='ocrx_word' id='word_1_101' title='bbox 1617 832 1773 887; x_wconf 81' lang='lat' dir='ltr'>fulgeo</span> 
     </span>
     <span class='ocr_line' id='line_1_12' title="bbox 105 879 1774 940; baseline 0.004 -16"><span class='ocrx_word' id='word_1_102' title='bbox 105 879 247 936; x_wconf 84' lang='lat' dir='ltr'><strong>sulgo&#39;.</strong></span> <span class='ocrx_word' id='word_1_103' title='bbox 316 886 409 925; x_wconf 91' lang='lat' dir='ltr'><strong>hinc</strong></span> <span class='ocrx_word' id='word_1_104' title='bbox 452 889 513 925; x_wconf 90' lang='lat' dir='ltr'><strong>est</strong></span> <span class='ocrx_word' id='word_1_105' title='bbox 554 887 671 935; x_wconf 84' lang='lat' dir='ltr'><strong>(Aen.</strong></span> <span class='ocrx_word' id='word_1_106' title='bbox 699 888 746 936; x_wconf 89' lang='lat'><strong>8,</strong></span> <span class='ocrx_word' id='word_1_107' title='bbox 774 887 860 935; x_wconf 91' lang='lat'><strong><em>677)</em></strong></span> <span class='ocrx_word' id='word_1_108' title='bbox 896 881 1082 926; x_wconf 88' lang='lat' dir='ltr'><strong>Feruere</strong></span> <span class='ocrx_word' id='word_1_109' title='bbox 1124 888 1321 927; x_wconf 82' lang='lat' dir='ltr'><strong>Leucaten</strong></span> <span class='ocrx_word' id='word_1_110' title='bbox 1364 900 1540 940; x_wconf 87' lang='lat' dir='ltr'><strong>auroque</strong></span> <span class='ocrx_word' id='word_1_111' title='bbox 1582 888 1774 939; x_wconf 87' lang='lat' dir='ltr'><strong>effulgere</strong></span> 
     </span>
     <span class='ocr_line' id='line_1_13' title="bbox 103 932 1773 1006; baseline 0.004 -29"><span class='ocrx_word' id='word_1_112' title='bbox 103 932 284 978; x_wconf 87' lang='lat' dir='ltr'><strong>fluctus&#39;.</strong></span> <span class='ocrx_word' id='word_1_113' title='bbox 341 939 398 978; x_wconf 90' lang='lat' dir='ltr'><strong>sic</strong></span> <span class='ocrx_word' id='word_1_114' title='bbox 428 940 548 978; x_wconf 87' lang='lat' dir='ltr'><strong>etiam</strong></span> <span class='ocrx_word' id='word_1_115' title='bbox 576 939 760 978; x_wconf 85' lang='lat' dir='ltr'><strong>Horatius</strong></span> <span class='ocrx_word' id='word_1_116' title='bbox 778 942 863 1005; x_wconf 81' lang='lat' dir='ltr'><strong>(ep.</strong></span> <span class='ocrx_word' id='word_1_117' title='bbox 893 941 929 1004; x_wconf 89' lang='lat'><strong><em>4,</em></strong></span> <span class='ocrx_word' id='word_1_118' title='bbox 951 941 1023 1006; x_wconf 93' lang='lat'><strong>45,</strong></span> <span class='ocrx_word' id='word_1_119' title='bbox 1032 941 1113 1004; x_wconf 86' lang='lat'><strong><em>49)</em></strong></span> <span class='ocrx_word' id='word_1_120' title='bbox 1143 935 1266 980; x_wconf 82' lang='lat' dir='ltr'><strong>‘Vade</strong></span> <span class='ocrx_word' id='word_1_121' title='bbox 1294 942 1385 981; x_wconf 88' lang='lat' dir='ltr'><strong>uale</strong></span> <span class='ocrx_word' id='word_1_122' title='bbox 1414 954 1511 982; x_wconf 90' lang='lat' dir='ltr'><strong>caue</strong></span> <span class='ocrx_word' id='word_1_123' title='bbox 1540 954 1589 981; x_wconf 91' lang='lat' dir='ltr'><strong>ne</strong></span> <span class='ocrx_word' id='word_1_124' title='bbox 1623 943 1773 983; x_wconf 86' lang='lat' dir='ltr'><strong>titubes</strong></span> 
     </span>
     <span class='ocr_line' id='line_1_14' title="bbox 103 986 1771 1057; baseline 0.003 -27"><span class='ocrx_word' id='word_1_125' title='bbox 103 991 370 1043; x_wconf 87' lang='lat' dir='ltr'><strong>mandataque</strong></span> <span class='ocrx_word' id='word_1_126' title='bbox 408 986 601 1043; x_wconf 82' lang='lat' dir='ltr'><strong>frangas&#39;.</strong></span> <span class='ocrx_word' id='word_1_127' title='bbox 657 1004 746 1031; x_wconf 91' lang='lat' dir='ltr'><strong>nam</strong></span> <span class='ocrx_word' id='word_1_128' title='bbox 778 987 915 1032; x_wconf 88' lang='lat' dir='ltr'><strong>caue&#39;</strong></span> <span class='ocrx_word' id='word_1_129' title='bbox 951 987 1043 1032; x_wconf 76' lang='lat' dir='ltr'><strong>‘&#39;ue</strong></span> <span class='ocrx_word' id='word_1_130' title='bbox 1075 993 1204 1057; x_wconf 90' lang='lat' dir='ltr'><strong>longa</strong></span> <span class='ocrx_word' id='word_1_131' title='bbox 1244 998 1423 1034; x_wconf 90' lang='lat' dir='ltr'><strong>est..</strong></span> <span class='ocrx_word' id='word_1_132' title='bbox 1453 995 1522 1034; x_wconf 89' lang='lat' dir='ltr'><strong>sed</strong></span> <span class='ocrx_word' id='word_1_133' title='bbox 1553 995 1720 1035; x_wconf 83' lang='lat' dir='ltr'><strong>dicimus</strong></span> <span class='ocrx_word' id='word_1_134' title='bbox 1750 1008 1771 1035; x_wconf 92' lang='lat' dir='ltr'><strong>a</strong></span> 
     </span>
     <span class='ocr_line' id='line_1_15' title="bbox 105 1042 1774 1110; baseline 0.003 -27"><span class='ocrx_word' id='word_1_135' title='bbox 105 1045 221 1084; x_wconf 88' lang='lat' dir='ltr'><strong>tertia</strong></span> <span class='ocrx_word' id='word_1_136' title='bbox 249 1045 528 1110; x_wconf 60' lang='lat' dir='ltr'><strong>coniugatione</strong></span> <span class='ocrx_word' id='word_1_137' title='bbox 558 1057 646 1085; x_wconf 88' lang='lat' dir='ltr'><strong>esse</strong></span> <span class='ocrx_word' id='word_1_138' title='bbox 674 1046 971 1097; x_wconf 71' lang='lat' dir='ltr'><strong>imperafiuum,</strong></span> <span class='ocrx_word' id='word_1_139' title='bbox 1008 1051 1053 1085; x_wconf 85' lang='lat' dir='ltr'><strong>ut</strong></span> <span class='ocrx_word' id='word_1_140' title='bbox 1096 1059 1194 1086; x_wconf 87' lang='lat' dir='ltr'><strong>cauo</strong></span> <span class='ocrx_word' id='word_1_141' title='bbox 1225 1042 1367 1087; x_wconf 88' lang='lat' dir='ltr'><strong>cauis’.</strong></span> <span class='ocrx_word' id='word_1_142' title='bbox 1424 1048 1516 1087; x_wconf 90' lang='lat' dir='ltr'><strong>hinc</strong></span> <span class='ocrx_word' id='word_1_143' title='bbox 1552 1049 1672 1088; x_wconf 90' lang='lat' dir='ltr'><strong>etiam</strong></span> <span class='ocrx_word' id='word_1_144' title='bbox 1702 1049 1774 1089; x_wconf 89' lang='lat' dir='ltr'><strong>Ca-</strong></span> 
     </span>
     <span class='ocr_line' id='line_1_16' title="bbox 103 1091 1479 1152; baseline 0.004 -16"><span class='ocrx_word' id='word_1_145' title='bbox 103 1091 263 1137; x_wconf 82' lang='lat' dir='ltr'><strong>tullus‘</strong></span> <span class='ocrx_word' id='word_1_146' title='bbox 277 1093 480 1138; x_wconf 87' lang='lat' dir='ltr'><strong>cauere&#39;</strong></span> <span class='ocrx_word' id='word_1_147' title='bbox 513 1098 622 1138; x_wconf 84' lang='lat' dir='ltr'><strong>dixit.</strong></span> <span class='ocrx_word' id='word_1_148' title='bbox 676 1102 862 1150; x_wconf 79' lang='lat' dir='ltr'><strong>respeoeit</strong></span> <span class='ocrx_word' id='word_1_149' title='bbox 890 1100 947 1138; x_wconf 88' lang='lat' dir='ltr'><strong>ad</strong></span> <span class='ocrx_word' id='word_1_150' title='bbox 970 1101 1034 1149; x_wconf 95' lang='grc'><strong>50,</strong></span> <span class='ocrx_word' id='word_1_151' title='bbox 1063 1100 1123 1140; x_wconf 91' lang='lat'><strong>48.</strong></span> <span class='ocrx_word' id='word_1_152' title='bbox 1153 1101 1202 1139; x_wconf 88' lang='lat'><strong><em>49</em></strong></span> <span class='ocrx_word' id='word_1_153' title='bbox 1229 1105 1269 1139; x_wconf 82' lang='lat' dir='ltr'><strong>et</strong></span> <span class='ocrx_word' id='word_1_154' title='bbox 1296 1102 1357 1152; x_wconf 93' lang='lat'><strong>64,</strong></span> <span class='ocrx_word' id='word_1_155' title='bbox 1384 1102 1479 1150; x_wconf 88' lang='grc'><strong><em>452]</em></strong></span> 
     </span>
    </p>
   </div>
   <div class='ocr_carea' id='block_1_5' title="bbox 93 1258 1775 1470">
    <p class='ocr_par' dir='ltr' id='par_1_5' title="bbox 93 1258 1775 1470">
     <span class='ocr_line' id='line_1_17' title="bbox 233 1258 1772 1308; baseline 0.001 -8"><span class='ocrx_word' id='word_1_156' title='bbox 233 1258 262 1300; x_wconf 78' lang='lat'>5</span> <span class='ocrx_word' id='word_1_157' title='bbox 291 1258 480 1306; x_wconf 82' lang='lat' dir='ltr'><strong>[Seruius</strong></span> <span class='ocrx_word' id='word_1_158' title='bbox 507 1259 564 1297; x_wconf 90' lang='lat' dir='ltr'><strong>ad</strong></span> <span class='ocrx_word' id='word_1_159' title='bbox 591 1258 718 1308; x_wconf 82' lang='lat' dir='ltr'><strong>Verg.</strong></span> <span class='ocrx_word' id='word_1_160' title='bbox 745 1259 848 1296; x_wconf 89' lang='lat' dir='ltr'><strong>Aen.</strong></span> <span class='ocrx_word' id='word_1_161' title='bbox 876 1261 916 1307; x_wconf 83' lang='grc'><strong>5,</strong></span> <span class='ocrx_word' id='word_1_162' title='bbox 943 1261 1037 1298; x_wconf 90' lang='lat'><strong><em>609:</em></strong></span> <span class='ocrx_word' id='word_1_163' title='bbox 1075 1259 1291 1299; x_wconf 89' lang='lat' dir='ltr'><strong>notandum</strong></span> <span class='ocrx_word' id='word_1_164' title='bbox 1322 1273 1415 1300; x_wconf 89' lang='lat' dir='ltr'><strong>sane</strong></span> <span class='ocrx_word' id='word_1_165' title='bbox 1444 1262 1564 1300; x_wconf 88' lang='lat' dir='ltr'><strong>etiam</strong></span> <span class='ocrx_word' id='word_1_166' title='bbox 1594 1261 1642 1301; x_wconf 92' lang='lat' dir='ltr'><strong>de</strong></span> <span class='ocrx_word' id='word_1_167' title='bbox 1670 1261 1772 1302; x_wconf 90' lang='lat' dir='ltr'><strong>Iride</strong></span> 
     </span>
     <span class='ocr_line' id='line_1_18' title="bbox 93 1304 1770 1364; baseline 0.003 -15"><span class='ocrx_word' id='word_1_168' title='bbox 93 1304 271 1350; x_wconf 79' lang='lat' dir='ltr'><strong>‘arcum&#39;</strong></span> <span class='ocrx_word' id='word_1_169' title='bbox 300 1323 446 1362; x_wconf 89' lang='lat' dir='ltr'><strong>genere</strong></span> <span class='ocrx_word' id='word_1_170' title='bbox 475 1312 693 1351; x_wconf 87' lang='lat' dir='ltr'><strong>masculino</strong></span> <span class='ocrx_word' id='word_1_171' title='bbox 722 1311 854 1350; x_wconf 83' lang='lat' dir='ltr'><strong>dicere</strong></span> <span class='ocrx_word' id='word_1_172' title='bbox 886 1311 1123 1362; x_wconf 85' lang='lat' dir='ltr'><strong>Vergilium:</strong></span> <span class='ocrx_word' id='word_1_173' title='bbox 1162 1313 1342 1353; x_wconf 84' lang='lat' dir='ltr'><strong>Catullus</strong></span> <span class='ocrx_word' id='word_1_174' title='bbox 1372 1318 1412 1353; x_wconf 91' lang='lat' dir='ltr'><strong>et</strong></span> <span class='ocrx_word' id='word_1_175' title='bbox 1439 1314 1507 1353; x_wconf 90' lang='lat' dir='ltr'><strong>alii</strong></span> <span class='ocrx_word' id='word_1_176' title='bbox 1536 1314 1770 1364; x_wconf 87' lang='lat' dir='ltr'><strong>(masculina</strong></span> 
     </span>
     <span class='ocr_line' id='line_1_19' title="bbox 100 1365 1775 1429; baseline 0.004 -27"><span class='ocrx_word' id='word_1_177' title='bbox 100 1365 298 1403; x_wconf 82' lang='lat' dir='ltr'><strong>omissum</strong></span> <span class='ocrx_word' id='word_1_178' title='bbox 319 1367 441 1429; x_wconf 81' lang='lat' dir='ltr'><strong>puto)</strong></span> <span class='ocrx_word' id='word_1_179' title='bbox 477 1376 628 1429; x_wconf 83' lang='lat' dir='ltr'><strong>genere</strong></span> <span class='ocrx_word' id='word_1_180' title='bbox 659 1365 850 1404; x_wconf 84' lang='lat' dir='ltr'><strong>feminino</strong></span> <span class='ocrx_word' id='word_1_181' title='bbox 890 1370 1044 1414; x_wconf 88' lang='lat' dir='ltr'><strong>ponunt</strong></span> <span class='ocrx_word' id='word_1_182' title='bbox 1089 1365 1305 1406; x_wconf 87' lang='lat' dir='ltr'><strong>reserentes</strong></span> <span class='ocrx_word' id='word_1_183' title='bbox 1333 1366 1383 1406; x_wconf 90' lang='lat' dir='ltr'><strong>ad</strong></span> <span class='ocrx_word' id='word_1_184' title='bbox 1412 1368 1626 1417; x_wconf 82' lang='lat' dir='ltr'><strong>originem,</strong></span> <span class='ocrx_word' id='word_1_185' title='bbox 1670 1368 1775 1408; x_wconf 90' lang='lat' dir='ltr'><strong>sicut</strong></span> 
     </span>
     <span class='ocr_line' id='line_1_20' title="bbox 99 1410 1530 1470; baseline 0.003 -14"><span class='ocrx_word' id='word_1_186' title='bbox 99 1417 199 1456; x_wconf 90' lang='lat' dir='ltr'><strong>haec</strong></span> <span class='ocrx_word' id='word_1_187' title='bbox 220 1411 397 1458; x_wconf 82' lang='lat' dir='ltr'><strong>‘Attis&#39;</strong></span> <span class='ocrx_word' id='word_1_188' title='bbox 428 1421 469 1457; x_wconf 92' lang='lat' dir='ltr'><strong>et</strong></span> <span class='ocrx_word' id='word_1_189' title='bbox 497 1418 594 1457; x_wconf 84' lang='lat' dir='ltr'><strong>haec</strong></span> <span class='ocrx_word' id='word_1_190' title='bbox 616 1410 838 1457; x_wconf 83' lang='lat' dir='ltr'><strong>‘&#39;Gallus</strong></span> <span class='ocrx_word' id='word_1_191' title='bbox 868 1417 1048 1468; x_wconf 89' lang='lat' dir='ltr'><strong>legimus.</strong></span> <span class='ocrx_word' id='word_1_192' title='bbox 1103 1422 1290 1470; x_wconf 75' lang='lat' dir='ltr'><strong>respexit</strong></span> <span class='ocrx_word' id='word_1_193' title='bbox 1319 1420 1375 1458; x_wconf 86' lang='lat' dir='ltr'><strong>ad</strong></span> <span class='ocrx_word' id='word_1_194' title='bbox 1402 1433 1436 1459; x_wconf 84' lang='lat' dir='ltr'><strong>e.</strong></span> <span class='ocrx_word' id='word_1_195' title='bbox 1463 1422 1530 1469; x_wconf 87' lang='lat'><strong><em>65]</em></strong></span> 
     </span>
    </p>
   </div>
   <div class='ocr_carea' id='block_1_6' title="bbox 90 1576 1773 1790">
    <p class='ocr_par' dir='ltr' id='par_1_6' title="bbox 90 1576 1770 1790">
     <span class='ocr_line' id='line_1_21' title="bbox 231 1576 1770 1639; baseline -0.002 -21"><span class='ocrx_word' id='word_1_196' title='bbox 231 1576 260 1618; x_wconf 84' lang='lat'><strong><em>6</em></strong></span> <span class='ocrx_word' id='word_1_197' title='bbox 288 1576 470 1626; x_wconf 83' lang='lat' dir='ltr'><strong>[Caesius</strong></span> <span class='ocrx_word' id='word_1_198' title='bbox 496 1576 649 1615; x_wconf 83' lang='lat' dir='ltr'><strong>Bassus</strong></span> <span class='ocrx_word' id='word_1_199' title='bbox 670 1588 716 1626; x_wconf 81' lang='lat' dir='ltr'><strong>p.</strong></span> <span class='ocrx_word' id='word_1_200' title='bbox 737 1576 836 1639; x_wconf 88' lang='lat'><strong><em>262,</em></strong></span> <span class='ocrx_word' id='word_1_201' title='bbox 866 1577 914 1616; x_wconf 89' lang='lat'><strong><em>49</em></strong></span> <span class='ocrx_word' id='word_1_202' title='bbox 945 1576 1090 1616; x_wconf 81' lang='lat' dir='ltr'><strong>Keilii.</strong></span> <span class='ocrx_word' id='word_1_203' title='bbox 1133 1576 1310 1616; x_wconf 87' lang='lat' dir='ltr'><strong>Catullus</strong></span> <span class='ocrx_word' id='word_1_204' title='bbox 1344 1578 1385 1617; x_wconf 93' lang='lat' dir='ltr'><strong>in</strong></span> <span class='ocrx_word' id='word_1_205' title='bbox 1414 1582 1680 1619; x_wconf 89' lang='lat' dir='ltr'><strong>anacreonteo</strong></span> <span class='ocrx_word' id='word_1_206' title='bbox 1703 1595 1723 1616; x_wconf 59' lang='lat' dir='ltr'><strong>s</strong></span> <span class='ocrx_word' id='word_1_207' title='bbox 1750 1595 1770 1616; x_wconf 55' lang='grc' dir='ltr'><strong>ι</strong></span> 
     </span>
     <span class='ocr_line' id='line_1_22' title="bbox 90 1606 1773 1683; baseline 0.003 -16"><span class='ocrx_word' id='word_1_208' title='bbox 90 1623 263 1679; x_wconf 83' lang='lat' dir='ltr'><strong>‘Ades‚</strong></span> <span class='ocrx_word' id='word_1_209' title='bbox 292 1630 440 1682; x_wconf 82' lang='lat' dir='ltr'><strong>inquit,</strong></span> <span class='ocrx_word' id='word_1_210' title='bbox 470 1641 494 1668; x_wconf 93' lang='lat' dir='ltr'><strong>o</strong></span> <span class='ocrx_word' id='word_1_211' title='bbox 524 1621 762 1680; x_wconf 88' lang='lat' dir='ltr'><strong>Cybebe.</strong></span> <span class='ocrx_word' id='word_1_212' title='bbox 819 1606 1013 1669; x_wconf 66' lang='lat' dir='ltr'><strong>lacunam</strong></span> <span class='ocrx_word' id='word_1_213' title='bbox 1050 1630 1259 1669; x_wconf 79' lang='lat' dir='ltr'><strong>indicauit</strong></span> <span class='ocrx_word' id='word_1_214' title='bbox 1294 1630 1466 1681; x_wconf 82' lang='lat' dir='ltr'><strong>Keilius,</strong></span> <span class='ocrx_word' id='word_1_215' title='bbox 1510 1635 1584 1683; x_wconf 82' lang='lat' dir='ltr'><strong>qui</strong></span> <span class='ocrx_word' id='word_1_216' title='bbox 1614 1633 1773 1672; x_wconf 78' lang='lat' dir='ltr'><strong>Catulli</strong></span> 
     </span>
     <span class='ocr_line' id='line_1_23' title="bbox 97 1646 1769 1735; baseline 0.002 -14"><span class='ocrx_word' id='word_1_217' title='bbox 97 1684 352 1722; x_wconf 82' lang='lat' dir='ltr'><strong>uersiculum</strong></span> <span class='ocrx_word' id='word_1_218' title='bbox 394 1684 475 1731; x_wconf 88' lang='lat'><strong><em>(65,</em></strong></span> <span class='ocrx_word' id='word_1_219' title='bbox 502 1683 567 1732; x_wconf 88' lang='lat'><strong>94)</strong></span> <span class='ocrx_word' id='word_1_220' title='bbox 609 1683 682 1722; x_wconf 89' lang='lat' dir='ltr'><strong>dea</strong></span> <span class='ocrx_word' id='word_1_221' title='bbox 726 1693 888 1732; x_wconf 88' lang='lat' dir='ltr'><strong>magna,</strong></span> <span class='ocrx_word' id='word_1_222' title='bbox 931 1683 1003 1722; x_wconf 91' lang='lat' dir='ltr'><strong>dea</strong></span> <span class='ocrx_word' id='word_1_223' title='bbox 1047 1683 1208 1735; x_wconf 85' lang='lat' dir='ltr'><strong>Cybebe</strong></span> <span class='ocrx_word' id='word_1_224' title='bbox 1237 1685 1276 1724; x_wconf 81' lang='lat' dir='ltr'><strong>h.</strong></span> <span class='ocrx_word' id='word_1_225' title='bbox 1305 1685 1330 1723; x_wconf 88' lang='lat' dir='ltr'><strong>l.</strong></span> <span class='ocrx_word' id='word_1_226' title='bbox 1361 1646 1565 1723; x_wconf 54' lang='lat' dir='ltr'><strong>eoeci’disze</strong></span> <span class='ocrx_word' id='word_1_227' title='bbox 1605 1688 1769 1726; x_wconf 75' lang='lat' dir='ltr'><strong>statuit.</strong></span> 
     </span>
     <span class='ocr_line' id='line_1_24' title="bbox 98 1735 1766 1790; baseline 0.004 -17"><span class='ocrx_word' id='word_1_228' title='bbox 98 1747 196 1774; x_wconf 88' lang='lat' dir='ltr'><strong>nam</strong></span> <span class='ocrx_word' id='word_1_229' title='bbox 232 1748 380 1775; x_wconf 81' lang='lat' dir='ltr'><strong>uersus</strong></span> <span class='ocrx_word' id='word_1_230' title='bbox 406 1736 513 1775; x_wconf 87' lang='lat' dir='ltr'><strong>Ades</strong></span> <span class='ocrx_word' id='word_1_231' title='bbox 543 1756 590 1763; x_wconf 89' lang='lat'>—</span> <span class='ocrx_word' id='word_1_232' title='bbox 622 1735 782 1787; x_wconf 85' lang='lat' dir='ltr'><strong>Cybebe</strong></span> <span class='ocrx_word' id='word_1_233' title='bbox 821 1739 882 1774; x_wconf 76' lang='lat' dir='ltr'><strong>est</strong></span> <span class='ocrx_word' id='word_1_234' title='bbox 915 1736 1188 1786; x_wconf 81' lang='lat' dir='ltr'><strong>Maecenatis,</strong></span> <span class='ocrx_word' id='word_1_235' title='bbox 1226 1739 1296 1775; x_wconf 83' lang='lat' dir='ltr'><strong>cui</strong></span> <span class='ocrx_word' id='word_1_236' title='bbox 1323 1740 1409 1788; x_wconf 86' lang='lat' dir='ltr'><strong>ipse</strong></span> <span class='ocrx_word' id='word_1_237' title='bbox 1435 1738 1590 1778; x_wconf 77' lang='lat' dir='ltr'><strong>Bassus</strong></span> <span class='ocrx_word' id='word_1_238' title='bbox 1619 1739 1766 1790; x_wconf 82' lang='lat' dir='ltr'><strong>paullo</strong></span> 
     </span>
    </p>
   </div>
   <div class='ocr_carea' id='block_1_7' title="bbox 97 1790 707 1840">
    <p class='ocr_par' dir='ltr' id='par_1_7' title="bbox 97 1790 707 1840">
     <span class='ocr_line' id='line_1_25' title="bbox 97 1790 707 1840; baseline 0 -13"><span class='ocrx_word' id='word_1_239' title='bbox 97 1793 193 1827; x_wconf 82' lang='lat' dir='ltr'><strong>ante</strong></span> <span class='ocrx_word' id='word_1_240' title='bbox 222 1791 281 1840; x_wconf 87' lang='lat' dir='ltr'><strong>(p.</strong></span> <span class='ocrx_word' id='word_1_241' title='bbox 309 1790 404 1839; x_wconf 86' lang='lat'><strong><em>262,</em></strong></span> <span class='ocrx_word' id='word_1_242' title='bbox 431 1790 470 1839; x_wconf 90' lang='grc'><strong><em>6)</em></strong></span> <span class='ocrx_word' id='word_1_243' title='bbox 498 1791 707 1837; x_wconf 79' lang='lat' dir='ltr'><strong>attribuit]</strong></span> 
     </span>
    </p>
   </div>
   <div class='ocr_carea' id='block_1_8' title="bbox 95 1947 1772 2055">
    <p class='ocr_par' dir='ltr' id='par_1_8' title="bbox 95 1947 1772 2055">
     <span class='ocr_line' id='line_1_26' title="bbox 231 1947 1772 2001; baseline 0.003 -13"><span class='ocrx_word' id='word_1_244' title='bbox 231 1947 254 1988; x_wconf 75' lang='lat'><strong>7</strong></span> <span class='ocrx_word' id='word_1_245' title='bbox 282 1947 472 1996; x_wconf 80' lang='lat' dir='ltr'><strong>[Seruius</strong></span> <span class='ocrx_word' id='word_1_246' title='bbox 509 1948 565 1986; x_wconf 86' lang='lat' dir='ltr'><strong>ad</strong></span> <span class='ocrx_word' id='word_1_247' title='bbox 590 1947 717 1998; x_wconf 86' lang='lat' dir='ltr'><strong>Verg.</strong></span> <span class='ocrx_word' id='word_1_248' title='bbox 744 1949 847 1987; x_wconf 90' lang='lat' dir='ltr'><strong>Aen.</strong></span> <span class='ocrx_word' id='word_1_249' title='bbox 874 1950 914 1998; x_wconf 91' lang='grc'><strong>5,</strong></span> <span class='ocrx_word' id='word_1_250' title='bbox 941 1949 1014 1987; x_wconf 87' lang='grc'><strong>594</strong></span> <span class='ocrx_word' id='word_1_251' title='bbox 1060 1947 1289 1999; x_wconf 83' lang='lat' dir='ltr'><strong>(Frangeret</strong></span> <span class='ocrx_word' id='word_1_252' title='bbox 1324 1949 1584 2001; x_wconf 87' lang='lat' dir='ltr'><strong>indeprensus</strong></span> <span class='ocrx_word' id='word_1_253' title='bbox 1628 1956 1669 1991; x_wconf 91' lang='lat' dir='ltr'><strong>et</strong></span> <span class='ocrx_word' id='word_1_254' title='bbox 1711 1951 1772 1992; x_wconf 91' lang='lat' dir='ltr'><strong>in—</strong></span> 
     </span>
     <span class='ocr_line' id='line_1_27' title="bbox 95 2001 1765 2055; baseline 0.003 -15"><span class='ocrx_word' id='word_1_255' title='bbox 95 2001 322 2041; x_wconf 85' lang='lat' dir='ltr'><strong>remeabilis</strong></span> <span class='ocrx_word' id='word_1_256' title='bbox 342 2004 464 2051; x_wconf 89' lang='lat' dir='ltr'><strong>error)</strong></span> <span class='ocrx_word' id='word_1_257' title='bbox 484 2001 707 2040; x_wconf 68' lang='lat' dir='ltr'><strong>adnotautt</strong></span> <span class='ocrx_word' id='word_1_258' title='bbox 734 2002 804 2040; x_wconf 89' lang='lat' dir='ltr'><strong>Est</strong></span> <span class='ocrx_word' id='word_1_259' title='bbox 826 2006 959 2040; x_wconf 89' lang='lat' dir='ltr'><strong>autem</strong></span> <span class='ocrx_word' id='word_1_260' title='bbox 974 2013 1114 2041; x_wconf 88' lang='lat' dir='ltr'><strong>uersus</strong></span> <span class='ocrx_word' id='word_1_261' title='bbox 1131 2001 1286 2042; x_wconf 92' lang='lat' dir='ltr'><strong>Catulli.</strong></span> <span class='ocrx_word' id='word_1_262' title='bbox 1327 2005 1513 2053; x_wconf 78' lang='lat' dir='ltr'><strong>respeoeit</strong></span> <span class='ocrx_word' id='word_1_263' title='bbox 1527 2004 1585 2043; x_wconf 88' lang='lat' dir='ltr'><strong>ad</strong></span> <span class='ocrx_word' id='word_1_264' title='bbox 1600 2006 1660 2055; x_wconf 89' lang='lat'><strong>64,</strong></span> <span class='ocrx_word' id='word_1_265' title='bbox 1675 2005 1696 2044; x_wconf 89' lang='lat'><strong><em>4</em></strong></span> <span class='ocrx_word' id='word_1_266' title='bbox 1702 2005 1765 2055; x_wconf 89' lang='grc'><strong><em>45]</em></strong></span> 
     </span>
    </p>
   </div>
   <div class='ocr_carea' id='block_1_9' title="bbox 95 2159 1768 2317">
    <p class='ocr_par' dir='ltr' id='par_1_9' title="bbox 95 2159 1768 2317">
     <span class='ocr_line' id='line_1_28' title="bbox 231 2159 1768 2213; baseline 0.002 -12"><span class='ocrx_word' id='word_1_267' title='bbox 231 2159 258 2201; x_wconf 86' lang='grc'>8</span> <span class='ocrx_word' id='word_1_268' title='bbox 289 2161 465 2210; x_wconf 79' lang='lat' dir='ltr'><strong>[Plinius</strong></span> <span class='ocrx_word' id='word_1_269' title='bbox 492 2165 580 2200; x_wconf 84' lang='lat' dir='ltr'><strong>nat.</strong></span> <span class='ocrx_word' id='word_1_270' title='bbox 610 2163 705 2200; x_wconf 79' lang='lat' dir='ltr'><strong>hist.</strong></span> <span class='ocrx_word' id='word_1_271' title='bbox 734 2163 802 2209; x_wconf 79' lang='lat'><strong><em>28,</em></strong></span> <span class='ocrx_word' id='word_1_272' title='bbox 822 2161 895 2200; x_wconf 85' lang='lat'><strong><em>49:</em></strong></span> <span class='ocrx_word' id='word_1_273' title='bbox 923 2161 1016 2200; x_wconf 90' lang='lat' dir='ltr'><strong>hinc</strong></span> <span class='ocrx_word' id='word_1_274' title='bbox 1043 2159 1243 2201; x_wconf 88' lang='lat' dir='ltr'><strong>Theocriti</strong></span> <span class='ocrx_word' id='word_1_275' title='bbox 1272 2161 1378 2212; x_wconf 88' lang='lat' dir='ltr'><strong>apud</strong></span> <span class='ocrx_word' id='word_1_276' title='bbox 1406 2162 1590 2213; x_wconf 89' lang='lat' dir='ltr'><strong>Graecos,</strong></span> <span class='ocrx_word' id='word_1_277' title='bbox 1620 2164 1768 2204; x_wconf 90' lang='lat' dir='ltr'><strong>Catulli</strong></span> 
     </span>
     <span class='ocr_line' id='line_1_29' title="bbox 95 2213 1766 2266; baseline 0.003 -13"><span class='ocrx_word' id='word_1_278' title='bbox 95 2213 222 2263; x_wconf 86' lang='lat' dir='ltr'><strong>(Calui</strong></span> <span class='ocrx_word' id='word_1_279' title='bbox 252 2215 409 2265; x_wconf 82' lang='lat' dir='ltr'><strong>Vnger)</strong></span> <span class='ocrx_word' id='word_1_280' title='bbox 451 2215 554 2266; x_wconf 92' lang='lat' dir='ltr'><strong>apud</strong></span> <span class='ocrx_word' id='word_1_281' title='bbox 601 2226 675 2254; x_wconf 90' lang='lat' dir='ltr'><strong>nos</strong></span> <span class='ocrx_word' id='word_1_282' title='bbox 717 2215 978 2266; x_wconf 86' lang='lat' dir='ltr'><strong>proximeque</strong></span> <span class='ocrx_word' id='word_1_283' title='bbox 1019 2213 1185 2265; x_wconf 84' lang='lat' dir='ltr'><strong>Vergilii</strong></span> <span class='ocrx_word' id='word_1_284' title='bbox 1233 2215 1616 2256; x_wconf 88' lang='lat' dir='ltr'><strong>incantamentorum</strong></span> <span class='ocrx_word' id='word_1_285' title='bbox 1659 2230 1766 2258; x_wconf 89' lang='lat' dir='ltr'><strong>ama-</strong></span> 
     </span>
     <span class='ocr_line' id='line_1_30' title="bbox 96 2266 1146 2317; baseline 0.002 -11"><span class='ocrx_word' id='word_1_286' title='bbox 96 2267 196 2308; x_wconf 85' lang='lat' dir='ltr'><strong>toria</strong></span> <span class='ocrx_word' id='word_1_287' title='bbox 225 2268 408 2308; x_wconf 84' lang='lat' dir='ltr'><strong>imitatio.</strong></span> <span class='ocrx_word' id='word_1_288' title='bbox 466 2266 520 2314; x_wconf 76' lang='lat' dir='ltr'><strong>cf.</strong></span> <span class='ocrx_word' id='word_1_289' title='bbox 552 2267 705 2307; x_wconf 79' lang='lat' dir='ltr'><strong>Catulli</strong></span> <span class='ocrx_word' id='word_1_290' title='bbox 731 2270 792 2316; x_wconf 87' lang='lat'><strong>64,</strong></span> <span class='ocrx_word' id='word_1_291' title='bbox 820 2269 918 2309; x_wconf 83' lang='lat'><strong><em>525.</em></strong></span> <span class='ocrx_word' id='word_1_292' title='bbox 946 2268 1028 2308; x_wconf 86' lang='lat'><strong>527</strong></span> <span class='ocrx_word' id='word_1_293' title='bbox 1055 2270 1146 2317; x_wconf 55' lang='lat' dir='ltr'><strong>eet]</strong></span> 
     </span>
    </p>
   </div>
   <div class='ocr_carea' id='block_1_10' title="bbox 93 2427 1765 2850">
    <p class='ocr_par' dir='ltr' id='par_1_10' title="bbox 93 2427 1765 2849">
     <span class='ocr_line' id='line_1_31' title="bbox 228 2427 1765 2480; baseline 0.001 -11"><span class='ocrx_word' id='word_1_294' title='bbox 228 2427 258 2469; x_wconf 75' lang='lat'><strong>9</strong></span> <span class='ocrx_word' id='word_1_295' title='bbox 301 2427 488 2476; x_wconf 81' lang='lat' dir='ltr'><strong>[Seruius</strong></span> <span class='ocrx_word' id='word_1_296' title='bbox 529 2428 585 2466; x_wconf 89' lang='lat' dir='ltr'><strong>ad</strong></span> <span class='ocrx_word' id='word_1_297' title='bbox 627 2428 806 2477; x_wconf 74' lang='lat' dir='ltr'><strong>Vergilii</strong></span> <span class='ocrx_word' id='word_1_298' title='bbox 842 2440 990 2478; x_wconf 80' lang='lat' dir='ltr'><strong>georg.</strong></span> <span class='ocrx_word' id='word_1_299' title='bbox 1026 2429 1067 2479; x_wconf 91' lang='lat'><strong>2,</strong></span> <span class='ocrx_word' id='word_1_300' title='bbox 1093 2430 1144 2468; x_wconf 90' lang='grc'><strong>95</strong></span> <span class='ocrx_word' id='word_1_301' title='bbox 1187 2431 1283 2480; x_wconf 89' lang='lat' dir='ltr'><strong>(quo</strong></span> <span class='ocrx_word' id='word_1_302' title='bbox 1327 2432 1367 2469; x_wconf 90' lang='lat' dir='ltr'><strong>te</strong></span> <span class='ocrx_word' id='word_1_303' title='bbox 1410 2430 1582 2470; x_wconf 90' lang='lat' dir='ltr'><strong>carmine</strong></span> <span class='ocrx_word' id='word_1_304' title='bbox 1624 2430 1765 2480; x_wconf 88' lang='lat' dir='ltr'><strong>dicam,</strong></span> 
     </span>
     <span class='ocr_line' id='line_1_32' title="bbox 95 2478 1765 2533; baseline 0.003 -15"><span class='ocrx_word' id='word_1_305' title='bbox 95 2478 329 2529; x_wconf 84' lang='lat' dir='ltr'><strong>Rhaetica?)</strong></span> <span class='ocrx_word' id='word_1_306' title='bbox 358 2482 458 2519; x_wconf 82' lang='lat' dir='ltr'><strong>llaec</strong></span> <span class='ocrx_word' id='word_1_307' title='bbox 486 2481 728 2520; x_wconf 68' lang='lat' dir='ltr'><strong>adnotavit.-</strong></span> <span class='ocrx_word' id='word_1_308' title='bbox 767 2480 875 2520; x_wconf 88' lang='lat' dir='ltr'><strong>Hanc</strong></span> <span class='ocrx_word' id='word_1_309' title='bbox 904 2493 1022 2520; x_wconf 85' lang='lat' dir='ltr'><strong>uuam</strong></span> <span class='ocrx_word' id='word_1_310' title='bbox 1052 2481 1148 2522; x_wconf 91' lang='lat' dir='ltr'><strong>Cato</strong></span> <span class='ocrx_word' id='word_1_311' title='bbox 1178 2483 1390 2533; x_wconf 88' lang='lat' dir='ltr'><strong>praecipue</strong></span> <span class='ocrx_word' id='word_1_312' title='bbox 1419 2483 1555 2523; x_wconf 88' lang='lat' dir='ltr'><strong>laudat</strong></span> <span class='ocrx_word' id='word_1_313' title='bbox 1583 2484 1623 2522; x_wconf 91' lang='lat' dir='ltr'><strong>in</strong></span> <span class='ocrx_word' id='word_1_314' title='bbox 1653 2484 1765 2524; x_wconf 88' lang='lat' dir='ltr'><strong>libris</strong></span> 
     </span>
     <span class='ocr_line' id='line_1_33' title="bbox 94 2533 1762 2585; baseline 0.003 -13"><span class='ocrx_word' id='word_1_315' title='bbox 94 2545 198 2584; x_wconf 88' lang='lat' dir='ltr'><strong>quos</strong></span> <span class='ocrx_word' id='word_1_316' title='bbox 244 2534 403 2584; x_wconf 87' lang='lat' dir='ltr'><strong>scripsit</strong></span> <span class='ocrx_word' id='word_1_317' title='bbox 451 2534 500 2573; x_wconf 90' lang='lat' dir='ltr'><strong>ad</strong></span> <span class='ocrx_word' id='word_1_318' title='bbox 545 2533 694 2573; x_wconf 88' lang='lat' dir='ltr'><strong>filium:</strong></span> <span class='ocrx_word' id='word_1_319' title='bbox 743 2538 877 2573; x_wconf 89' lang='lat' dir='ltr'><strong>contra</strong></span> <span class='ocrx_word' id='word_1_320' title='bbox 922 2534 1099 2574; x_wconf 89' lang='lat' dir='ltr'><strong>Catullus</strong></span> <span class='ocrx_word' id='word_1_321' title='bbox 1140 2535 1317 2584; x_wconf 88' lang='lat' dir='ltr'><strong>(Catulus</strong></span> <span class='ocrx_word' id='word_1_322' title='bbox 1357 2536 1569 2585; x_wconf 81' lang='lat' dir='ltr'><strong>Suessius,</strong></span> <span class='ocrx_word' id='word_1_323' title='bbox 1617 2536 1762 2577; x_wconf 89' lang='lat' dir='ltr'><strong>Caluus</strong></span> 
     </span>
     <span class='ocr_line' id='line_1_34' title="bbox 96 2586 1765 2641; baseline 0.002 -15"><span class='ocrx_word' id='word_1_324' title='bbox 96 2586 254 2636; x_wconf 82' lang='lat' dir='ltr'><strong>Vnger)</strong></span> <span class='ocrx_word' id='word_1_325' title='bbox 298 2599 384 2626; x_wconf 88' lang='lat' dir='ltr'><strong>eam</strong></span> <span class='ocrx_word' id='word_1_326' title='bbox 426 2588 626 2638; x_wconf 87' lang='lat' dir='ltr'><strong>uituperat</strong></span> <span class='ocrx_word' id='word_1_327' title='bbox 663 2591 704 2626; x_wconf 91' lang='lat' dir='ltr'><strong>et</strong></span> <span class='ocrx_word' id='word_1_328' title='bbox 738 2587 835 2626; x_wconf 89' lang='lat' dir='ltr'><strong>dicit</strong></span> <span class='ocrx_word' id='word_1_329' title='bbox 873 2587 971 2626; x_wconf 91' lang='lat' dir='ltr'><strong>nulli</strong></span> <span class='ocrx_word' id='word_1_330' title='bbox 1005 2589 1061 2627; x_wconf 91' lang='lat' dir='ltr'><strong>rei</strong></span> <span class='ocrx_word' id='word_1_331' title='bbox 1104 2600 1192 2628; x_wconf 89' lang='lat' dir='ltr'><strong>esse</strong></span> <span class='ocrx_word' id='word_1_332' title='bbox 1234 2593 1366 2639; x_wconf 89' lang='lat' dir='ltr'><strong>aptam</strong></span> <span class='ocrx_word' id='word_1_333' title='bbox 1409 2591 1651 2641; x_wconf 89' lang='lat' dir='ltr'><strong>miraturque</strong></span> <span class='ocrx_word' id='word_1_334' title='bbox 1694 2602 1765 2630; x_wconf 89' lang='lat' dir='ltr'><strong>cur</strong></span> 
     </span>
     <span class='ocr_line' id='line_1_35' title="bbox 95 2639 1765 2693; baseline 0.002 -15"><span class='ocrx_word' id='word_1_335' title='bbox 95 2651 183 2678; x_wconf 86' lang='lat' dir='ltr'><strong>earn</strong></span> <span class='ocrx_word' id='word_1_336' title='bbox 224 2639 446 2680; x_wconf 89' lang='lat' dir='ltr'><strong>laudauerit</strong></span> <span class='ocrx_word' id='word_1_337' title='bbox 474 2641 582 2679; x_wconf 89' lang='lat' dir='ltr'><strong>Cato.</strong></span> <span class='ocrx_word' id='word_1_338' title='bbox 643 2640 772 2679; x_wconf 89' lang='lat' dir='ltr'><strong>sciens</strong></span> <span class='ocrx_word' id='word_1_339' title='bbox 816 2652 909 2691; x_wconf 84' lang='lat' dir='ltr'><strong>ergo</strong></span> <span class='ocrx_word' id='word_1_340' title='bbox 951 2643 1162 2693; x_wconf 88' lang='lat' dir='ltr'><strong>utrumque</strong></span> <span class='ocrx_word' id='word_1_341' title='bbox 1196 2641 1391 2692; x_wconf 79' lang='lat' dir='ltr'><strong>Vergilius</strong></span> <span class='ocrx_word' id='word_1_342' title='bbox 1421 2643 1594 2682; x_wconf 90' lang='lat' dir='ltr'><strong>medium</strong></span> <span class='ocrx_word' id='word_1_343' title='bbox 1636 2643 1765 2683; x_wconf 88' lang='lat' dir='ltr'><strong>tenuit</strong></span> 
     </span>
     <span class='ocr_line' id='line_1_36' title="bbox 93 2687 1763 2745; baseline 0.003 -15"><span class='ocrx_word' id='word_1_344' title='bbox 93 2690 230 2733; x_wconf 90' lang='lat' dir='ltr'><strong>dicens</strong></span> <span class='ocrx_word' id='word_1_345' title='bbox 254 2687 359 2739; x_wconf 81' lang='lat' dir='ltr'><strong>‘Quo</strong></span> <span class='ocrx_word' id='word_1_346' title='bbox 390 2698 430 2732; x_wconf 89' lang='lat' dir='ltr'><strong>te</strong></span> <span class='ocrx_word' id='word_1_347' title='bbox 460 2694 630 2732; x_wconf 90' lang='lat' dir='ltr'><strong>carmine</strong></span> <span class='ocrx_word' id='word_1_348' title='bbox 659 2693 801 2743; x_wconf 87' lang='lat' dir='ltr'><strong>dicam,</strong></span> <span class='ocrx_word' id='word_1_349' title='bbox 830 2692 1048 2733; x_wconf 73' lang='lat' dir='ltr'><strong>Rhaetica?</strong></span> <span class='ocrx_word' id='word_1_350' title='bbox 1076 2693 1147 2743; x_wconf 75' lang='lat' dir='ltr'><strong>(cfi</strong></span> <span class='ocrx_word' id='word_1_351' title='bbox 1164 2695 1349 2735; x_wconf 80' lang='lat' dir='ltr'><strong>Martial.</strong></span> <span class='ocrx_word' id='word_1_352' title='bbox 1364 2696 1425 2745; x_wconf 92' lang='lat'><strong>44,</strong></span> <span class='ocrx_word' id='word_1_353' title='bbox 1440 2697 1512 2735; x_wconf 92' lang='grc'><strong>400</strong></span> <span class='ocrx_word' id='word_1_354' title='bbox 1536 2689 1763 2735; x_wconf 73' lang='lat' dir='ltr'><strong>‘Psanaca</strong></span> 
     </span>
     <span class='ocr_line' id='line_1_37' title="bbox 96 2743 1761 2797; baseline 0.003 -13"><span class='ocrx_word' id='word_1_355' title='bbox 96 2743 139 2784; x_wconf 92' lang='lat' dir='ltr'><strong>Si</strong></span> <span class='ocrx_word' id='word_1_356' title='bbox 167 2758 248 2786; x_wconf 90' lang='lat' dir='ltr'><strong>non</strong></span> <span class='ocrx_word' id='word_1_357' title='bbox 284 2747 419 2796; x_wconf 84' lang='lat' dir='ltr'><strong>ignota</strong></span> <span class='ocrx_word' id='word_1_358' title='bbox 457 2751 518 2786; x_wconf 86' lang='lat' dir='ltr'><strong>est</strong></span> <span class='ocrx_word' id='word_1_359' title='bbox 555 2746 662 2786; x_wconf 84' lang='lat' dir='ltr'><strong>docti</strong></span> <span class='ocrx_word' id='word_1_360' title='bbox 698 2747 771 2785; x_wconf 87' lang='lat' dir='ltr'><strong>tibi</strong></span> <span class='ocrx_word' id='word_1_361' title='bbox 800 2752 900 2786; x_wconf 89' lang='lat' dir='ltr'><strong>terra</strong></span> <span class='ocrx_word' id='word_1_362' title='bbox 932 2746 1097 2797; x_wconf 83' lang='lat' dir='ltr'><strong>Catulli,</strong></span> <span class='ocrx_word' id='word_1_363' title='bbox 1137 2748 1291 2788; x_wconf 89' lang='lat' dir='ltr'><strong>Potasti</strong></span> <span class='ocrx_word' id='word_1_364' title='bbox 1327 2754 1429 2788; x_wconf 85' lang='lat' dir='ltr'><strong>testa</strong></span> <span class='ocrx_word' id='word_1_365' title='bbox 1464 2749 1639 2789; x_wconf 88' lang='lat' dir='ltr'><strong>rhaetica</strong></span> <span class='ocrx_word' id='word_1_366' title='bbox 1668 2750 1761 2790; x_wconf 90' lang='lat' dir='ltr'><strong>uina</strong></span> 
     </span>
     <span class='ocr_line' id='line_1_38' title="bbox 94 2799 712 2850; baseline 0.003 -13"><span class='ocrx_word' id='word_1_367' title='bbox 94 2810 181 2838; x_wconf 88' lang='lat' dir='ltr'><strong>mea</strong></span> <span class='ocrx_word' id='word_1_368' title='bbox 211 2802 251 2837; x_wconf 80' lang='lat' dir='ltr'><strong>et</strong></span> <span class='ocrx_word' id='word_1_369' title='bbox 279 2799 384 2839; x_wconf 86' lang='lat' dir='ltr'><strong>Plin.</strong></span> <span class='ocrx_word' id='word_1_370' title='bbox 415 2801 452 2840; x_wconf 84' lang='grc' dir='ltr'><strong>Ιι.</strong></span> <span class='ocrx_word' id='word_1_371' title='bbox 482 2813 521 2840; x_wconf 93' lang='lat' dir='ltr'><strong>n.</strong></span> <span class='ocrx_word' id='word_1_372' title='bbox 550 2800 610 2850; x_wconf 87' lang='lat'><strong>44,</strong></span> <span class='ocrx_word' id='word_1_373' title='bbox 637 2800 712 2849; x_wconf 89' lang='grc'><strong><em>67)]</em></strong></span> 
     </span>
    </p>
   </div>
   <div class='ocr_carea' id='block_1_11' title="bbox 227 2957 1764 3012">
    <p class='ocr_par' dir='ltr' id='par_1_11' title="bbox 227 2957 1764 3012">
     <span class='ocr_line' id='line_1_39' title="bbox 227 2957 1764 3012; baseline 0 -12"><span class='ocrx_word' id='word_1_374' title='bbox 227 2957 283 3000; x_wconf 88' lang='grc'><strong>10</strong></span> <span class='ocrx_word' id='word_1_375' title='bbox 311 2958 464 3006; x_wconf 88' lang='lat' dir='ltr'><strong>[Varro</strong></span> <span class='ocrx_word' id='word_1_376' title='bbox 494 2959 544 2997; x_wconf 88' lang='lat' dir='ltr'><strong>de</strong></span> <span class='ocrx_word' id='word_1_377' title='bbox 562 2958 608 2998; x_wconf 88' lang='lat' dir='ltr'><strong>L.</strong></span> <span class='ocrx_word' id='word_1_378' title='bbox 625 2959 670 2998; x_wconf 92' lang='lat' dir='ltr'><strong>L.</strong></span> <span class='ocrx_word' id='word_1_379' title='bbox 691 2960 727 3007; x_wconf 88' lang='lat'><strong>6,</strong></span> <span class='ocrx_word' id='word_1_380' title='bbox 742 2960 765 2998; x_wconf 92' lang='lat'><strong><em>6</em></strong></span> <span class='ocrx_word' id='word_1_381' title='bbox 779 2971 822 3008; x_wconf 85' lang='lat' dir='ltr'><strong>p.</strong></span> <span class='ocrx_word' id='word_1_382' title='bbox 838 2958 980 2998; x_wconf 83' lang='lat' dir='ltr'><strong><em>74M.:</em></strong></span> <span class='ocrx_word' id='word_1_383' title='bbox 1008 2958 1095 2998; x_wconf 90' lang='lat' dir='ltr'><strong>Nox</strong></span> <span class='ocrx_word' id='word_1_384' title='bbox 1124 2960 1276 3012; x_wconf 89' lang='lat' dir='ltr'><strong>quod,</strong></span> <span class='ocrx_word' id='word_1_385' title='bbox 1305 2964 1349 3000; x_wconf 91' lang='lat' dir='ltr'><strong>ut</strong></span> <span class='ocrx_word' id='word_1_386' title='bbox 1378 2960 1540 3000; x_wconf 89' lang='lat' dir='ltr'><strong>Catulus</strong></span> <span class='ocrx_word' id='word_1_387' title='bbox 1569 2962 1644 3011; x_wconf 85' lang='lat' dir='ltr'><strong>(sic</strong></span> <span class='ocrx_word' id='word_1_388' title='bbox 1671 2963 1764 3001; x_wconf 86' lang='lat' dir='ltr'><strong>cod.</strong></span> 
     </span>
    </p>
   </div>
   <div class='ocr_carea' id='block_1_12' title="bbox 29 3011 1765 3064">
    <p class='ocr_par' dir='ltr' id='par_1_12' title="bbox 29 3011 1765 3064">
     <span class='ocr_line' id='line_1_40' title="bbox 29 3011 1765 3064; baseline 0.005 -17"><span class='ocrx_word' id='word_1_389' title='bbox 29 3039 31 3041; x_wconf 85' lang='lat'>.</span> <span class='ocrx_word' id='word_1_390' title='bbox 92 3011 354 3061; x_wconf 76' lang='lat' dir='ltr'><strong>florentinus,</strong></span> <span class='ocrx_word' id='word_1_391' title='bbox 375 3011 553 3051; x_wconf 89' lang='lat' dir='ltr'><strong>Catullus</strong></span> <span class='ocrx_word' id='word_1_392' title='bbox 573 3012 691 3051; x_wconf 86' lang='lat' dir='ltr'><strong>codd.</strong></span> <span class='ocrx_word' id='word_1_393' title='bbox 712 3012 875 3062; x_wconf 80' lang='lat' dir='ltr'><strong>aliquot</strong></span> <span class='ocrx_word' id='word_1_394' title='bbox 894 3012 1132 3064; x_wconf 75' lang='lat' dir='ltr'><strong>deteriores)</strong></span> <span class='ocrx_word' id='word_1_395' title='bbox 1161 3015 1229 3064; x_wconf 86' lang='lat' dir='ltr'><strong>ait,</strong></span> <span class='ocrx_word' id='word_1_396' title='bbox 1259 3014 1439 3063; x_wconf 89' lang='lat' dir='ltr'><strong>omnia,</strong></span> <span class='ocrx_word' id='word_1_397' title='bbox 1470 3015 1572 3054; x_wconf 90' lang='lat' dir='ltr'><strong>nisi</strong></span> <span class='ocrx_word' id='word_1_398' title='bbox 1600 3015 1765 3055; x_wconf 89' lang='lat' dir='ltr'><strong>inter-</strong></span> 
     </span>
    </p>
   </div>
   <div class='ocr_carea' id='block_1_13' title="bbox 93 3064 1390 3133">
    <p class='ocr_par' dir='ltr' id='par_1_13' title="bbox 93 3064 1390 3133">
     <span class='ocr_line' id='line_1_41' title="bbox 93 3064 1390 3133; baseline 0.003 -30"><span class='ocrx_word' id='word_1_399' title='bbox 93 3064 265 3104; x_wconf 89' lang='lat' dir='ltr'><strong>ueniat</strong></span> <span class='ocrx_word' id='word_1_400' title='bbox 300 3064 396 3115; x_wconf 90' lang='lat' dir='ltr'><strong>sol,</strong></span> <span class='ocrx_word' id='word_1_401' title='bbox 433 3065 609 3116; x_wconf 90' lang='lat' dir='ltr'><strong>pruina</strong></span> <span class='ocrx_word' id='word_1_402' title='bbox 646 3065 985 3115; x_wconf 83' lang='lat' dir='ltr'><strong>obriguerint,</strong></span> <span class='ocrx_word' id='word_1_403' title='bbox 1015 3066 1121 3117; x_wconf 90' lang='lat' dir='ltr'><strong>quod</strong></span> <span class='ocrx_word' id='word_1_404' title='bbox 1149 3069 1267 3106; x_wconf 89' lang='lat' dir='ltr'><strong>nocet</strong></span> <span class='ocrx_word' id='word_1_405' title='bbox 1296 3069 1390 3133; x_wconf 82' lang='lat' dir='ltr'><strong>nox]</strong></span> 
     </span>
    </p>
   </div>
  </div>
 </body>
</html>
