2040 3372
269 115 332 160 98
932 122 1019 170 105,
1051 123 1220 171 1-108,
1249 123 1272 161 3

268 249 368 304 105
469 248 677 300 Mentula
714 260 909 301 conatur
944 255 1144 316 pipleum
1180 256 1404 304 scandere
1439 265 1670 306 montem:

535 318 693 367 Musae
729 322 922 368 furcillis
956 322 1255 384 praecipitem
1295 324 1483 372 eiciunt.

270 542 369 596 106
472 542 591 594 Cum
628 560 776 607 puero
814 545 928 592 bello
964 561 1245 607 praeconem
1282 550 1361 610 qui
1397 551 1525 598 uidet
1560 566 1673 610 esse,

536 611 656 666 Quid
695 613 852 659 credat
887 613 976 660 nisi
1012 629 1060 661 se
1094 616 1299 663 uendere
1335 617 1611 680 discupere?

267 821 367 876 107
470 821 521 874 Si
558 828 670 885 quoi
704 825 811 885 quid
849 827 1099 890 cupidoque
1135 829 1408 890 optantique
1444 831 1607 893 optigit
1640 847 1860 895 umquam

534 891 812 953 lnsperanfi,
848 893 936 940 hoc
974 903 1042 941 est
1077 904 1257 956 gratum
1295 897 1449 944 animo
1485 899 1688 960 proprie.

468 957 618 1012 Quare
655 959 743 1006 hoc
780 966 849 1007 est
883 968 1067 1021 gratum
1104 962 1330 1023 nobisque
1363 971 1425 1010 est
1460 965 1609 1012 carius
1645 980 1758 1014 auro

532 1025 666 1080 Quod
701 1033 748 1072 te
785 1028 1003 1084 restituis,
1040 1028 1220 1087 Lesbia,
1256 1030 1320 1076 mi
1356 1031 1546 1092 cupido:

411 1099 433 1136 5
468 1091 688 1140 Restituis
725 1093 892 1155 cupido
929 1103 1066 1156 atque
1102 1095 1372 1156 insperanti,
1410 1097 1507 1158 ipsa
1542 1099 1689 1146 refers
1723 1106 1768 1146 te

530 1159 688 1206 Nobis.
760 1176 787 1206 o
821 1161 973 1209 lucem
1009 1162 1272 1209 candidiore
1308 1165 1440 1210 nota!

467 1225 581 1280 Quis
616 1241 690 1273 me
726 1242 823 1274 uno
861 1228 977 1275 uiuit
1012 1229 1202 1287 felicior,
1241 1237 1320 1277 aut
1354 1231 1497 1292 magis
1532 1232 1565 1294 †
1600 1233 1685 1279 hac
1723 1240 1792 1281 est

533 1293 775 1355 Optandus
811 1294 904 1341 uita
941 1295 1094 1343 dicere
1131 1297 1233 1357 quis
1271 1296 1477 1358 poterit?

262 1515 363 1569 108
466 1514 531 1574 Si,
571 1518 761 1574 Comini,
799 1521 966 1581 populi
998 1521 1188 1568 arbitrio
1226 1528 1304 1569 tua
1342 1537 1453 1569 cana
1490 1531 1704 1572 senectus

532 1585 755 1646 Spurcata
791 1588 973 1648 inpuris
1008 1588 1218 1635 moribus
1254 1590 1465 1646 intereat,

462 1651 565 1698 Non
603 1653 817 1713 equidem
853 1654 1012 1701 dubito
1051 1655 1161 1715 quin
1199 1656 1399 1717 primum
1435 1657 1619 1704 inimica
1655 1657 1889 1707 bonorum

396 1810 479 1853 105
510 1810 563 1858 cs:
582 1812 639 1850 ad
651 1824 682 1850 c.
700 1812 788 1851 402.
816 1814 1136 1862 paragraphum
1164 1814 1390 1865 adscripsit
1398 1826 1431 1864 g
1458 1813 1473 1867 11
1501 1817 1519 1854 1
1544 1815 1722 1867 pipleum
1753 1816 1945 1865 [ABDL.·

261 1865 454 1916 pipleium
487 1865 601 1905 CAP
622 1864 752 1904 Laur.
781 1866 852 1915 55,
884 1866 945 1914 12]
975 1866 1182 1917 pipileium
1213 1867 1285 1907 V*
1314 1868 1533 1919 pimpleum
1562 1883 1598 1908 ω
1638 1870 1652 1922 11
1695 1870 1876 1910 scindere
1905 1870 1948 1910 V

259 1918 274 1971 11
303 1920 326 1958 2
355 1919 507 1958 furcilis
540 1919 585 1959 V
602 1917 617 1970 11
650 1918 813 1958 eiiciunt
844 1918 877 1958 G

396 1971 479 2013 106
509 1971 562 2019 ef.
593 1972 650 2010 ad
676 1984 708 2011 e.
738 1972 815 2012 402
843 1973 858 2022 11
889 1975 906 2012 1
940 1972 1073 2012 obelio
1107 1974 1151 2013 V
1171 1974 1299 2022 [BDP
1324 1973 1459 2013 Vatie.
1489 1975 1625 2024 4630],
1652 1977 1764 2015 unde
1792 1976 1942 2017 obellio

259 2024 365 2072 feeit
383 2025 435 2065 G¹
464 2025 626 2074 [obellio
641 2026 789 2065 ACHL
817 2025 964 2065 ebellio
980 2027 1038 2075 A]
1070 2025 1200 2066 Obelli
1219 2028 1395 2066 Ellisius
1420 2027 1434 2079 11
1461 2040 1550 2068 esse
1573 2028 1642 2069 V*
1662 2030 1794 2078 [Harl.
1817 2031 1943 2071 2574.-

260 2080 348 2131 ipse
370 2079 550 2129 plurimi
580 2079 690 2129 libri,
719 2080 805 2130 ipse
835 2083 876 2117 et
902 2082 948 2117 in
975 2092 1109 2130 marg.
1141 2082 1180 2119 a}
1210 2093 1298 2120 esse
1326 2081 1388 2130 L].
1446 2083 1545 2121 hine
1572 2083 1630 2122 ire
1660 2085 1833 2134 conieci,
1860 2085 1943 2124 isse

260 2133 469 2182 Meleager
497 2132 566 2183 qui
594 2132 717 2181 uidet,
746 2133 879 2183 ipsum
909 2133 1088 2183 Vulpius

392 2185 472 2226 10¹7
502 2185 554 2231 ef.
585 2186 641 2224 ad
668 2199 700 2225 e.
731 2187 806 2225 402
835 2185 848 2237 11
880 2188 897 2225 1
931 2187 1026 2238 quoi
1056 2187 1150 2238 quid
1180 2187 1447 2226 Ribbeckius:
1490 2187 1584 2240 quid
1614 2188 1710 2240 quid
1743 2190 1799 2228 0*
1832 2190 1942 2241 quic-

261 2238 356 2291 quid
379 2238 412 2278 G
440 2239 535 2290 quid
565 2240 660 2290 quoi
679 2239 961 2278 Baehrensius
990 2241 1201 2292 quicquam
1225 2255 1260 2280 ω
1287 2240 1301 2293 11
1329 2241 1554 2292 cupidoque
1585 2243 1727 2282 aldina
1757 2256 1793 2282 a.
1815 2244 1942 2283 4502.-

261 2291 407 2344 cupido
438 2292 482 2332 V
501 2292 515 2343 11
544 2293 690 2343 optigit
721 2293 777 2331 O:
807 2293 953 2344 obtigit
984 2293 1017 2333 G
1049 2294 1063 2344 11
1099 2306 1275 2345 unquam
1307 2294 1340 2334 G
1381 2294 1394 2347 11
1436 2297 1459 2334 2
1487 2295 1680 2346 lnsperati
1709 2297 1902 2335 Heinsius
1927 2295 1944 2347 Ι

260 2346 296 2385 h’
327 2347 393 2396 (=
421 2346 510 2395 hec)
543 2346 598 2384 O*
639 2344 653 2398 11
695 2347 717 2386 3
748 2346 784 2385 11’
818 2347 873 2385 O*
914 2346 928 2399 11
964 2347 1160 2399 nobisque
1201 2354 1263 2387 est
1290 2349 1519 2398 Hauptius:
1559 2349 1676 2389 nobis
1711 2361 1874 2402 quoque
1905 2349 1950 2390 V

260 2399 458 2451 nobisque
488 2399 564 2439 boc
592 2399 755 2439 Statius
797 2400 935 2450 nobis,
971 2401 1047 2440 hoc
1075 2401 1371 2441 Froehliehius
1399 2405 1462 2441 est
1489 2402 1605 2442 nobis
1634 2407 1870 2455 gratumque
1899 2405 1941 2443 et

262 2453 394 2492 carius
417 2451 588 2499 Godos'r.
609 2454 875 2493 Hermannus
905 2458 966 2493 est
994 2455 1110 2494 nobis
1140 2467 1303 2506 quoque
1333 2459 1487 2505 gratum
1517 2459 1557 2495 et
1585 2457 1714 2496 carius
1734 2457 1942 2496 Maelilius

260 2505 357 2545 Lido
387 2506 514 2555 (fuluo
545 2507 638 2556 alii)
667 2519 828 2559 quoque
856 2508 1031 2547 Ellisius
1074 2506 1088 2560 11
1130 2511 1152 2549 5
1182 2509 1392 2560 inspiranti
1425 2509 1482 2548 0*
1510 2509 1703 2560 insperati
1732 2510 1941 2549 Heinsius.

261 2561 340 2604 alii
362 2564 460 2610 post
486 2561 706 2611 insperanti
735 2564 968 2600 orationem
1001 2574 1087 2600 non
1119 2565 1451 2613 interpungunt;
1477 2564 1606 2602 simul
1631 2563 1708 2601 alii
1735 2576 1820 2602 non
1841 2566 1942 2614 post

261 2612 402 2662 Nobis,
432 2614 507 2652 sed
531 2617 577 2653 in
595 2614 679 2662 fine
698 2617 884 2654 uersus5
904 2618 1212 2666 interpungunt
1229 2615 1281 2668 116
1301 2616 1389 2655 luce
1412 2616 1458 2656 V
1466 2615 1479 2667 11
1495 2619 1516 2655 7
1539 2615 1612 2655 hac
1633 2618 1654 2654 ἓ
1679 2616 1710 2655 0
1730 2617 1939 2665 [PDresd.

263 2693 425 2734 Vicent.
458 2694 574 2732 Harl.
602 2695 738 2743 2574]:
778 2706 841 2733 me
871 2699 932 2734 est
964 2695 997 2734 G
1035 2695 1203 2743 [ABCA
1231 2696 1359 2735 Laur.
1386 2698 1455 2745 55,
1483 2695 1533 2736 12
1563 2695 1700 2735 Vatia.
1727 2696 1843 2746 4650,
1871 2669 1940 2749 {iffi

263 2750 325 2785 est
354 2746 402 2795 L]
446 2748 574 2798 magis
610 2748 684 2787 hac
711 2759 776 2787 res
806 2747 1009 2799 optandas
1039 2749 1120 2788 uita
1142 2749 1437 2788 Lachmannus
1483 2749 1609 2798 magis
1638 2749 1758 2790 horas
1789 2750 1938 2800 Optan-

262 2799 332 2838 das
361 2801 443 2839 uita
475 2813 551 2850 ego
580 2803 752 2851 conieci,
781 2802 890 2840 idem
911 2801 1154 2852 Schoellius,
1184 2803 1311 2853 magis
1340 2803 1438 2842 hace
1459 2801 1681 2853 Optandam
1703 2803 1784 2843 uita
1806 2802 1937 2844 dicere

261 2851 421 2900 (ducere
451 2855 588 2893 editor
625 2857 976 2905 cantabrigiensis
1017 2855 1160 2906 degere
1190 2857 1484 2903 Baehrens-ius)
1519 2854 1765 2895 Ribbeekius
1809 2857 1937 2907 magis

261 2905 336 2944 hac
365 2919 407 2946 re
437 2906 659 2958 optandam
688 2909 811 2947 uitam
840 2907 1002 2947 Riesius
1048 2909 1164 2959 magi'
1194 2921 1257 2948 me
1287 2921 1375 2949 esse
1405 2908 1610 2958 Optandus
1649 2910 1732 2948 uita
1763 2909 1938 2962 Heysius

260 2960 377 3009 magi’
409 2960 459 2998 mi
491 2972 579 3000 esse
609 2960 834 3011 Optandum
864 2962 904 3000 in
935 2962 1016 3001 uita
1046 2962 1176 3001 dicere
1207 2962 1302 3014 quid
1331 2963 1478 3014 poterit
1507 2962 1670 3001 Statius

392 3013 477 3054 108
507 3012 562 3060 cf.
592 3015 649 3053 ad
676 3028 707 3053 e.
739 3015 814 3055 402
856 3015 869 3067 11
916 3019 929 3055 1
965 3015 1031 3055 Sic
1069 3016 1218 3055 homini
1253 3014 1435 3067 populari
1466 3015 1509 3054 V
1528 3028 1626 3054 corr
1656 3015 1870 3055 Guarinus
1897 3020 1937 3055 et

258 3064 432 3105 Statius.
475 3068 637 3107 arbitrio
669 3068 851 3120 populari
881 3080 978 3108 cana
1009 3070 1090 3118 (tua
1121 3071 1201 3119 om)
1232 3083 1267 3108 ω
1299 3068 1313 3120 11
1358 3070 1381 3108 2
1406 3069 1423 3106 i
1451 3069 1559 3120 puris
1592 3069 1623 3107 0
1650 3069 1703 3109 im
1733 3066 1843 3120 puris
1865 3069 1899 3108 G
