2040 3372
800 93 888 139 101,
915 92 1084 140 4—104‚
1113 93 1139 130 4
1729 87 1790 134 97

389 225 448 272 Et
480 231 651 272 mutam
689 225 994 286 nequicquam
1032 224 1292 285 alloquerer
1326 225 1544 282 cinerem,

271 299 295 337 5
330 291 712 352 Quandoquidem
748 293 932 338 fortuna
969 291 1078 337 mihi
1114 298 1207 338 tete
1241 290 1427 338 abstulit
1461 291 1627 353 ipsum,

391 358 492 404 Heu
527 358 667 405 miser
700 358 888 419 indigne
931 359 1072 404 frater
1105 358 1316 418 adempte
1350 357 1474 404 mihi.

322 424 456 471 Nunc
491 432 644 470 tamen
681 424 856 470 interea
893 425 1018 480 haec,
1057 424 1207 484 prisco
1244 438 1359 484 quae
1394 438 1523 470 more
1548 430 1794 485 parentum

390 490 574 537 Tradita
609 497 717 537 sunt
751 491 869 536 tristi
904 504 1097 536 munere
1132 491 1186 536 ad
1222 489 1422 547 inferias,

323 555 490 617 Accipe
525 557 728 604 fraterno
765 557 960 603 multum
998 556 1229 603 manantia
1263 557 1370 603 fletu

248 629 291 668 10
391 623 539 683 Atque
576 623 622 670 in
659 631 952 684 perpetuum,
990 623 1142 680 frater,
1178 637 1263 670 aue
1298 630 1433 684 atque
1470 622 1584 668 uale.

124 843 226 898 1ss2
328 843 378 896 Si
416 848 661 908 quicquam
698 848 835 894 tacito
873 847 1165 894 commissum
1202 854 1271 893 est
1303 847 1392 893 fido
1429 846 1485 892 ab
1521 846 1667 893 amico

391 913 528 960 Cuius
563 914 622 960 sit
656 916 840 975 penitus
876 922 982 960 nota
1018 913 1131 960 fides
1165 913 1318 968 animi,

325 979 489 1040 Meque
529 995 628 1027 esse
665 981 876 1027 inuenies
911 980 1095 1026 illorum
1131 980 1230 1026 iure
1265 987 1507 1036 sacratum,

393 1045 590 1103 Corneli,
630 1054 674 1093 et
709 1048 878 1094 sactum
914 1061 986 1093 mc
1024 1061 1122 1094 esse
1157 1053 1266 1107 puta
1303 1046 1646 1107 Harpocratem.

124 1268 226 1322 103
326 1269 422 1320 Aut
456 1270 590 1318 sodes
625 1271 734 1317 mihi
771 1272 910 1317 redde
947 1272 1104 1317 decem
1140 1273 1357 1326 sestertia,
1395 1271 1505 1325 Silo,

390 1337 565 1383 Deinde
604 1345 702 1383 esto
738 1339 946 1397 quamuis
980 1353 1145 1384 saeuus
1181 1347 1225 1383 et
1260 1338 1530 1384 indomitus:

325 1404 429 1457 Aut,
466 1403 503 1450 si
538 1411 583 1449 te
620 1404 793 1450 nummi
831 1404 1076 1460 delectant,
1118 1404 1274 1450 desine
1312 1418 1478 1465 quaeso

389 1469 517 1516 Leno
555 1484 652 1517 esse
688 1477 824 1530 atque
859 1471 978 1517 idem
1014 1485 1179 1517 saeuus
1215 1477 1260 1516 et
1294 1471 1558 1517 indomitus.

126 1688 226 1741 104
328 1687 490 1738 Credis
529 1705 599 1735 me
636 1691 837 1751 potuisse
873 1705 1000 1737 meae
1036 1691 1306 1737 maledicere
1345 1693 1478 1746 uitae,

394 1756 629 1802 Ambobus
664 1757 774 1803 mihi
810 1772 925 1817 quae
962 1758 1111 1803 carior
1147 1765 1215 1804 est
1250 1757 1427 1805 oculis?

326 1823 425 1869 Non
466 1823 611 1883 potui,
649 1838 750 1878 nec,
787 1825 823 1875 si
861 1838 1057 1884 possem,
1095 1831 1185 1869 tam
1221 1825 1398 1885 perdite
1434 1839 1659 1871 amarem:

393 1889 481 1935 Sed
518 1896 566 1934 tu
605 1903 708 1935 cum
746 1890 967 1951 Tappone
1002 1891 1154 1936 ‘omnia
1191 1899 1397 1938 monstra
1432 1892 1556 1938 facis.

229 2215 238 2223 “
261 2210 286 2248 4
313 2211 476 2257 mutam]
507 2207 562 2255 cf.
591 2209 647 2247 ad
672 2210 735 2259 68,
761 2211 811 2248 90
838 2207 852 2259 ΙΙ
880 2211 902 2248 5
932 2212 972 2248 te
1001 2210 1040 2248 te
1069 2223 1104 2248 ω
1132 2209 1426 2248 Laclzmannus
1452 2209 1467 2262 {1
1496 2212 1519 2250 6
1547 2209 1619 2249 Hei
1655 2210 1800 2250 misero

127 2263 341 2301 Auantius
379 2261 394 2311 ΙΙ
433 2266 528 2312 post
553 2274 594 2302 u.
624 2263 648 2301 6
676 2262 759 2300 add
785 2264 847 2310 65,
874 2261 1002 2301 9-44
1029 2262 1229 2312 Haasius,
1261 2263 1338 2301 alii
1362 2266 1458 2314 post
1484 2275 1524 2302 u.
1552 2265 1576 2302 6
1606 2263 1801 2302 lacunam

131 2328 215 2353 esse
243 2318 482 2353 statuerunt
519 2315 531 2364 ΙΙ
576 2318 597 2354 7
628 2315 664 2353 h’
694 2318 760 2362 (=
788 2315 876 2365 hec)
908 2315 962 2354 0.·
999 2315 1076 2354 hoc
1108 2315 1140 2355 G
1174 2316 1215 2355 in
1253 2319 1354 2356 terra
1384 2316 1458 2355 hac
1486 2316 1762 2355 Rossbachius
1790 2315 1804 2368 ΙΙ

129 2368 343 2419 priscoque
371 2379 481 2408 more
515 2369 560 2408 V
576 2369 591 2421 ΙΙ
621 2369 643 2408 8
674 2367 798 2407 tristis
826 2380 988 2407 munera
1018 2383 1053 2407 ω
1080 2367 1095 2421 ΙΙ
1125 2368 1276 2409 ἱῃΐτί533
1308 2369 1364 2408 0*
1391 2372 1407 2422 ΙΙ
1437 2372 1485 2409 10
1513 2369 1620 2409 ualle
1651 2370 1708 2408 0*

264 2433 482 2476 102-116
510 2435 620 2473 Haec
649 2436 837 2473 carmina
866 2436 1005 2473 omnia
1034 2437 1123 2473 sine
1149 2435 1234 2475 ullo
1271 2438 1500 2475 interstitio
1530 2439 1570 2474 ei
1595 2437 1686 2475 sine
1711 2437 1800 2475 ulla

127 2489 408 2537 inscriptione
435 2490 545 2526 inter
572 2501 614 2525 se
641 2489 686 2525 in
718 2487 763 2527 V
781 2489 1014 2536 cohaerent,
1054 2490 1152 2527 item
1181 2501 1214 2529 c.
1243 2490 1319 2530 402
1349 2501 1442 2528 cum
1470 2501 1503 2529 c.
1532 2489 1603 2529 401
1632 2489 1647 2540 ss
1690 2491 1709 2530 1
1741 2488 1799 2539 Si]

126 2540 142 2579 1
185 2542 347 2590 (prima
386 2540 528 2579 littera
566 2542 824 2579 rubricatori
859 2542 1091 2591 reseruata)
1123 2541 1154 2581 Ο
1194 2541 1208 2595 ΙΙ
1248 2543 1356 2583 taciti
1387 2543 1580 2581 Heinsius
1617 2542 1735 2582 tacite
1764 2557 1801 2580 ω

127 2595 227 2644 quoi
256 2593 350 2644 quid
369 2593 575 2632 Machlius
604 2593 695 2645 quid
727 2594 818 2644 quoi
849 2594 1127 2633 Baehrens-ius
1183 2596 1370 2648 uoiquam
1400 2596 1564 2635 tacitum
1592 2596 1663 2635 uel
1688 2595 1804 2647 quid·

130 2646 226 2697 quid
263 2646 374 2686 taciti
411 2647 570 2686 Statius
606 2648 619 2698 u
665 2647 715 2685 ab
754 2647 917 2698 antiquo
947 2647 1018 2687 V*
1057 2647 1072 2698 11
1115 2608 1230 2690 3que
1268 2661 1394 2702 aeque
1426 2650 1597 2689 Vossius
1636 2647 1650 2697 ss
1692 2651 1718 2688 4
1745 2661 1802 2688 an

131 2702 301 2750 putum?
342 2700 481 2739 eodem
508 2701 714 2739 uocabulo
751 2704 888 2739 nescio
927 2713 982 2739 an
1012 2700 1197 2741 Catullus
1231 2715 1332 2742 usus
1358 2705 1416 2741 sit
1440 2703 1507 2753 29,
1535 2702 1593 2742 25
1620 2714 1644 2742 o
1673 2703 1802 2753 putis-

130 2751 247 2791 simei
277 2752 404 2792 Gener
432 2765 627 2804 socerque
654 2753 668 2806 ΙΙ
696 2758 939 2803 arpocratem
972 2754 1011 2794 V

265 2805 347 2847 103
377 2805 431 2853 cs.
459 2807 516 2845 ad
542 2819 575 2846 c.
603 2807 680 2846 402
710 2806 723 2857 ΙΙ
752 2810 769 2846 1
803 2807 995 2846 sextercia
1025 2807 1070 2846 V
1097 2808 1111 2860 ss
1148 2810 1171 2848 2
1200 2813 1262 2848 est
1292 2821 1315 2847 o
1347 2807 1380 2847 G
1411 2811 1472 2847 est
1503 2807 1559 2846 O*
1587 2806 1601 2859 ΙΙ
1638 2810 1661 2849 3
1690 2808 1803 2847 mimi

132 2858 166 2896 0
195 2859 402 2950 ηυῐῖιίθέαη
431 2860 568 2899 mimi?
602 2860 749 2899 ductus
776 2861 851 2909 illi,
881 2862 1018 2910 apices
1046 2862 1144 2900 huic
1172 2862 1344 2901 lectioni
1371 2859 1536 2911 fauent)
1567 2861 1599 2900 G
1639 2861 1653 2912 Η
1695 2861 1803 2901 dele-

132 2911 257 2951 ctauit

263 2964 347 3006 104
374 2963 429 3012 cf.
458 2966 514 3004 ad
541 2978 573 3006 c.
603 2967 678 3005 402
708 2966 722 3017 ss
750 2969 772 3006 3
803 2967 833 3005 si
865 2979 930 3005 om
962 2967 1018 3005 0*
1042 2966 1057 3017 ΙΙ
1085 2967 1237 3018 perdita
1271 2968 1326 3006 0*
1352 2965 1366 3019 ΙΙ
1396 2979 1526 3007 amare
1556 2967 1599 3007 V
1618 2966 1632 3019 ΙΙ
1659 2970 1685 3008 4
1714 2980 1805 3007 cum

133 3027 312 3067 caupone
341 3032 376 3056 ω

216 3081 373 3115 Catullus
1461 3089 1482 3126 7
