2040 3372
790 118 853 167 85,
885 118 1026 166 1-89‚
1055 117 1079 156 2
1719 114 1780 161 91

104 248 172 304 85
307 247 397 301 odi
434 256 480 297 et
513 264 629 297 amo.
703 264 844 310 quare
881 250 926 296 id
961 250 1124 297 faciam
1160 251 1353 297 fortasse
1387 250 1599 311 requiris.

375 316 557 374 Nescio,
593 315 671 363 sed
708 317 807 362 fieri
843 317 992 364 sentio
1029 324 1074 363 et
1108 316 1362 385 excrucior.

110 499 180 554 86
313 498 503 567 Quintia
538 501 741 547 formosa
778 508 847 547 est
880 501 1050 558 multis,
1087 499 1198 547 mihi
1236 499 1427 546 candida
1462 500 1601 562 longa

376 567 518 614 Recta
552 573 634 613 est.
703 567 816 613 haec
852 581 936 628 ego
973 567 1038 614 sic
1073 566 1253 627 singula
1288 567 1528 624 confiteor,

312 632 481 679 Totum
516 632 627 679 illud
658 626 880 680 ‘formosa
946 648 1088 694 nego:
1126 647 1230 679 nam
1268 633 1392 679 nulla
1426 640 1662 691 uenustas,

376 699 509 746 Nulla
544 699 590 745 in
628 705 716 745 tam
753 714 921 761 magno
958 707 1027 747 est
1061 714 1258 760 corpore
1292 700 1409 746 mica
1444 700 1561 747 salis.

252 775 276 813 5
308 765 475 812 Lesbia
510 767 711 812 formosa
747 773 829 823 est,
867 781 982 827 quae
1017 781 1121 813 cum
1159 765 1437 826 pulcerrima
1470 773 1566 813 tota
1602 773 1685 824 est,

375 832 492 879 Tum
532 832 748 880 omnibus
783 847 873 879 una
910 833 1060 879 omnis
1095 831 1327 893 subripuit
1362 832 1578 881 Veneres.

109 1014 179 1069 8¹7
310 1014 454 1068 Nulla
488 1023 640 1080 potest
673 1017 838 1064 mulier
871 1023 1052 1063 tantum
1089 1032 1138 1064 se
1173 1016 1325 1063 dicere
1360 1024 1553 1063 amatam

376 1084 494 1131 Vere
530 1089 754 1145 quantum
790 1098 814 1130 a
850 1098 923 1129 me
958 1083 1120 1130 Lesbia
1157 1089 1302 1129 amata
1337 1097 1436 1129 mea
1473 1098 1536 1130 es:

309 1150 442 1197 Nulla
476 1151 590 1198 fides
624 1150 717 1196 ullo
754 1150 840 1196 fuit
873 1164 1091 1211 umquam
1126 1152 1178 1197 in
1212 1150 1399 1196 foedere
1433 1155 1566 1196 tanta

378 1217 559 1272 Quanta
593 1218 641 1264 in
677 1230 834 1263 amore
867 1223 947 1263 tuo
985 1231 1039 1263 ex
1074 1224 1203 1278 parte
1237 1223 1421 1277 reperta
1454 1230 1556 1263 mea
1592 1222 1676 1262 est.

108 1399 179 1454 88
312 1399 435 1467 Quid
474 1402 582 1448 facit
615 1401 667 1458 is,
705 1400 836 1457 Gelli,
873 1401 953 1461 qui
989 1415 1092 1447 cum
1129 1407 1276 1447 matre
1311 1406 1447 1460 atque
1484 1415 1643 1447 sorore

376 1468 533 1514 Prurit
567 1474 612 1513 et
645 1466 833 1514 abiectis
867 1467 1113 1528 peruigilat
1146 1464 1350 1514 tunicis?

311 1534 431 1590 Quid
465 1534 572 1580 facit
606 1533 644 1580 is
678 1540 895 1595 patruum
932 1534 1010 1594 qui
1046 1549 1142 1580 non
1177 1534 1287 1580 sinit
1323 1547 1422 1579 esse
1458 1531 1708 1581 maritum?

377 1600 551 1662 Ecquid
586 1600 676 1647 scis
712 1609 937 1660 quantum
972 1599 1191 1660 suscipiat
1226 1598 1446 1646 sceleris?

254 1676 276 1713 5
311 1667 525 1728 Suscipit,
563 1682 589 1712 o
627 1666 756 1723 Gelli,
794 1674 1017 1726 quantum
1053 1681 1150 1712 non
1186 1666 1345 1712 ultima
1386 1665 1546 1726 Tethys

378 1734 472 1780 Nec
507 1732 692 1793 genitor
726 1733 1033 1794 nympharum
1069 1732 1213 1779 abluit
1248 1732 1484 1779 Oceanus:

311 1799 428 1846 Nam
464 1799 578 1846 nihil
613 1806 681 1845 est
716 1799 962 1859 quicquam
997 1799 1184 1846 sceleris
1220 1813 1312 1859 quo
1348 1799 1542 1859 prodeat
1576 1798 1709 1856 ultra,

376 1867 480 1912 Non
516 1866 554 1913 si
590 1865 786 1912 demisso
821 1880 870 1912 se
905 1865 1003 1926 ipse
1038 1872 1173 1912 uoret
1208 1865 1371 1926 capite.

111 2050 179 2105 89
313 2049 493 2101 Gellius
529 2057 597 2098 est
630 2050 807 2097 tenuis:
846 2050 953 2110 quid
992 2048 1072 2096 ni?
1109 2050 1183 2096 cui
1218 2057 1310 2096 tam
1346 2049 1470 2096 bona
1506 2056 1654 2096 mater

377 2118 582 2178 Tamque
617 2117 779 2164 ualens
813 2117 942 2163 uiuat
975 2123 1160 2177 tamque
1196 2124 1392 2164 uenuste
1428 2131 1561 2163 soror

246 2249 303 2292 85
331 2247 609 2288 Interstitium
635 2248 796 2286 nullum
827 2247 866 2286 V
889 2248 904 2298 ΙΙ
935 2251 954 2288 1
985 2247 1162 2299 nequiris
1194 2247 1250 2287 0*
1277 2247 1291 2299 ΙΙ
1321 2249 1344 2286 2
1373 2248 1406 2286 si
1440 2247 1495 2285 0*

246 2302 303 2345 86
330 2303 606 2341 Interslitium
634 2301 796 2339 nullum
826 2301 865 2340 V
890 2301 903 2352 ΙΙ
933 2304 951 2340 1
983 2301 1075 2351 loga
1108 2301 1164 2339 0*
1193 2300 1206 2350 [l
1243 2303 1266 2341 2
1295 2300 1468 2350 singuILa
1498 2300 1526 2349 (l
1554 2302 1789 2350 suppunoez'c

113 2356 184 2404 θ’)
215 2356 247 2395 G
274 2355 290 2407 ΙΙ
327 2357 352 2394 4
381 2354 667 2404 Quintilianus
704 2357 741 2402 6,
768 2355 809 2402 5,
837 2354 888 2392 48
929 2353 1136 2393 Salsum
1178 2355 1219 2393 in
1262 2352 1551 2394 consuetudine
1593 2365 1665 2403 pro
1693 2352 1788 2391 ridi-

115 2410 205 2450 culo
252 2410 407 2448 tantum
454 2407 687 2458 accipimus:
731 2411 870 2446 natura
911 2419 991 2447 non
1027 2408 1166 2458 utique
1207 2408 1284 2446 hoc
1336 2410 1417 2455 est,
1462 2417 1703 2456 quamquam
1747 2411 1786 2444 et

116 2461 284 2502 ridicula
312 2463 498 2512 oporteat
527 2472 615 2500 esse
646 2460 763 2499 salsa.
819 2472 909 2499 nam
938 2489 948 2500 .
982 2491 990 2500 .
1020 2493 1028 2499 .
1061 2491 1068 2499 .
1099 2464 1139 2500 et
1168 2461 1366 2508 Catullus,
1405 2471 1494 2498 cum
1529 2459 1626 2498 dicit
1647 2453 1787 2498 ‘Nulla

115 2518 176 2556 est
202 2515 245 2554 in
273 2526 438 2566 corpore
466 2514 570 2553 mica
598 2507 715 2552 salis'
745 2525 824 2552 non
853 2514 930 2553 hoc
958 2513 1054 2553 dicit
1082 2513 1180 2552 nihil
1208 2516 1246 2553 in
1277 2525 1441 2564 corpore
1470 2512 1556 2552 eius
1587 2523 1676 2551 esse
1695 2511 1789 2550 ridi-

114 2569 247 2609 culum
272 2568 287 2618 ΙΙ
318 2570 341 2607 5
370 2567 555 2618 11310ςὶ1113
588 2567 644 2605 0*
672 2566 935 2616 pulcherrima
966 2567 999 2606 G
1032 2567 1046 2618 Η
1085 2569 1107 2607 6
1137 2569 1265 2606 omnis
1297 2567 1375 2605 0²⁸.-
1405 2577 1544 2605 omnes
1575 2565 1608 2604 G
1643 2564 1658 2617 ΙΙ
1695 2565 1787 2604 sub-

116 2622 238 2674 ripuit
269 2622 300 2659 0
327 2621 382 2670 [D
412 2621 549 2661 Vatic.
577 2620 712 2668 4650]:
744 2619 933 2669 surripuit
964 2619 997 2658 G
1025 2622 1081 2668 [et
1104 2621 1305 2671 plerique]

249 2675 301 2716 87
329 2674 605 2713 Interstitz'um
631 2674 792 2712 nullum
822 2673 866 2712 V
891 2672 905 2723 ΙΙ
941 2676 960 2712 1
991 2685 1096 2724 pone
1128 2673 1182 2713 G*
1209 2674 1223 2721 ΙΙ
1252 2675 1275 2713 2
1305 2684 1348 2712 es
1377 2671 1591 2720 Scaliger:
1620 2673 1681 2709 est
1711 2669 1755 2709 V
1773 2670 1791 2721 1}

116 2730 141 2768 3
169 2727 281 2768 1111110
311 2741 346 2766 ω
372 2727 386 2778 ΙΙ
414 2738 590 2779 unquam
622 2726 654 2766 G
691 2726 704 2774 ΙΙ
738 2726 778 2765 in
808 2726 893 2764 add
917 2726 1199 2776 Doeringius:
1226 2739 1291 2766 om
1321 2726 1365 2765 V
1389 2725 1403 2776 ΙΙ
1445 2724 1578 2764 federe
1606 2726 1719 2762 tanto
1750 2723 1789 2762 V

115 2779 130 2833 ΙΙ
157 2783 184 2821 4
203 2780 398 2828 Quantam
425 2781 467 2819 in
489 2780 543 2819 0*
571 2779 585 2831 ΙΙ
613 2782 695 2827 tuo]
726 2791 814 2818 meo
843 2780 1136 2818 Froehliehius
1164 2780 1235 2818 illo
1264 2780 1558 2818 Baehrensz‘m.
1589 2779 1667 2816 Ιιοο
1696 2789 1787 2815 car-

116 2846 210 2874 men
238 2836 422 2874 carmine
445 2835 496 2873 75
525 2833 855 2872 continuandum
884 2845 969 2871 esse
997 2835 1172 2872 coniecit
1200 2833 1390 2882 Scaliger

249 2887 307 2930 88
336 2887 610 2926 Interstz‘tium
636 2886 799 2925 nullum
827 2886 866 2925 V
890 2885 906 2938 ΙΙ
941 2887 964 2926 2
986 2885 1123 2925 ‹Prurit
1151 2887 1216 2937 (=
1246 2885 1439 2930 Prorurit)
1471 2884 1527 2922 0*
1564 2882 1723 2923 Proruit
1754 2882 1787 2921 G

115 2940 130 2992 ΙΙ
159 2941 186 3032 31
211 2939 312 3032 130ἰί
332 2940 389 2978 0*
415 2939 431 2992 ΙΙ
451 2942 486 3032 ἶ
509 2939 560 2979 Et
581 2939 758 3032 quuidHV
778 2938 903 3043 Eulcqui
932 2938 1223 2978 Lachmannus
1249 2939 1262 2991 Η
1291 2939 1346 2977 sis
1378 2938 1434 2976 0*
1461 2936 1476 2989 ΙΙ
1504 2940 1527 2976 5
1558 2936 1677 2976 thetis
1707 2936 1751 2976 V
1773 2937 1788 2984 ss

119 2995 144 3033 6
218 3005 256 3032 111
315 3005 423 3033 arum
488 3005 553 3034 uc.
626 3005 676 3031 ue
710 3005 755 3031 er
836 3003 1034 3031 occeanus
1066 2993 1109 3032 V

189 3005 215 3045 y
251 3006 310 3086 ἕξ)
339 3046 612 3085 Interstitium
642 3046 703 3085 V:
730 3047 910 3084 inseruit
935 3045 976 3084 In
1005 3044 1174 3086 Gellium
1198 3058 1230 3096 g
1257 3043 1270 3094 [l
1301 3047 1321 3086 1
1352 3042 1504 3084 Tellius
1537 3042 1594 3081 Ο*
